3124 5220
120 473 247 541 demum
273 471 422 541 adiectum
451 481 499 538 est
525 473 563 536 ad
588 491 709 538 versum
732 471 954 555 complendum.
999 471 1082 534 Idem
1103 469 1267 536 Ernestius

121 566 202 626 scite
232 562 270 624 ad
299 561 376 626 baec
404 562 499 624 verba
521 561 645 624 contulit
666 560 744 624 Novi
765 558 914 623 Foederis
935 556 1006 622 illud
1031 555 1048 622 ὁ
1075 551 1157 628 θεὸς
1180 549 1269 620 cino·-

123 644 223 714 δώσει
245 645 371 732 ἑκάστῳ
393 641 480 711 acrei
503 640 545 709 aa
567 652 646 727 ἔργα
672 639 793 720 αὐτ-σύ,
816 661 953 726 seneque
976 643 1154 723 scriptorem
1178 638 1269 702 Obri-

124 737 260 797 stienutn
282 735 359 813 sapit
380 749 499 812 versus,
523 732 575 814 qui
596 732 723 812 insuper
746 739 841 794 metro
863 731 1045 812 syllabarum
1070 727 1268 802 caret.iusto;

124 837 198 882 narn
226 819 322 902 prima
350 819 433 880 vocis
462 819 547 890 σι’σις
575 818 653 898 apud
678 824 788 898 poetas
816 833 925 880 omnes
954 815 1124 896 corripitur.
1179 810 1268 883 onoc

8 923 9 956 ὲ
126 923 222 986 quarn
246 919 325 967 unus
347 903 457 984 Lycios
481 904 743 984 animaduerteret,
766 904 896 966 coniecit
919 891 1191 980 marcionistae
1215 898 1268 960 acl

8 989 9 1026 ³
124 995 218 1054 σι’σιν
240 983 373 1074 aipein
396 989 451 1052 sed
474 1007 655 1070 quamquam
679 988 823 1052 artificem
845 987 945 1065 laudo,
967 995 1068 1050 tamen
1089 1001 1157 1048 curn
1177 981 1269 1046 clat-

125 1075 259 1155 condyla
286 1073 421 1153 priorem
446 1093 569 1139 versum
600 1076 780 1138 eliciendum
808 1082 897 1154 puto;
928 1074 959 1134 in
986 1072 1148 1153 posteriori
1174 1071 1269 1132 resti-

126 1162 244 1222 tuendo
271 1177 377 1220 verum
401 1160 490 1241 vidit,
523 1163 549 1222 si
573 1162 641 1242 quis
664 1179 814 1241 unquam,
847 1160 978 1222 Goesius
1002 1159 1040 1221 de
1063 1155 1141 1218 Batr.
1166 1174 1195 1235 p.
1219 1155 1269 1234 47,

125 1246 180 1326 qui
203 1246 361 1326 proposuit
382 1238 403 1322 ἦ
425 1238 550 1326 notaio
573 1250 673 1317 σι’σσις
696 1248 757 1319 ov',·
781 1245 888 1321 „facile
909 1245 988 1306 enirn
1009 1243 1053 1306 H
1069 1243 1108 1304 ob
1131 1257 1269 1320 sequen-

123 1339 189 1394 tem
213 1330 341 1392 similem
364 1329 491 1393 litteram
515 1329 557 1393 H
575 1330 719 1394 excidere
740 1334 863 1411 potuit.“
877 1327 907 1413 ¹)
931 1363 972 1378 -
1010 1326 1269 1390 Maiorem-etiam

126 1415 301 1497 disputandi
317 1417 471 1478 materiem
485 1417 636 1497 praebent
655 1435 715 1480 uss.
734 1418 870 1497 74—92,
894 1432 955 1477 non
972 1413 1013 1476 illi
1030 1413 1151 1493 quidem
1169 1412 1269 1474 solum

127 1503 169 1564 ab
196 1500 413 1582 interpretibus
440 1503 562 1564 divorso
592 1503 682 1566 modo
710 1507 830 1583 tentati,
861 1501 968 1565 sedin
996 1499 1152 1562 codicibus
1179 1501 1268 1562 etiam

127 1587 315 1668 discrepanti
330 1587 436 1648 ordine
451 1590 562 1668 scripti.
581 1604 587 1613 ⁸
606 1589 749 1652 bleliores
763 1591 842 1651 enim
857 1588 925 1649 libri
939 1602 1047 1648 versus
1060 1585 1101 1646 ita
1116 1582 1268 1665 exhibent,

128 1671 383 1754 quemadmodum
398 1671 525 1736 Wolfius
544 1691 599 1736 eos
616 1674 769 1757 disposuit,
793 1683 826 1737 ut
842 1681 909 1754 post
925 1673 965 1732 73
984 1673 1082 1736 statim
1101 1675 1269 1750 sequantur

129 1760 270 1840 tlt-85,
293 1758 401 1820 deinde
426 1760 475 1822 89.
501 1761 550 1840 90,
572 1768 633 1823 tom
654 1761 782 1820 86-88
796 1768 825 1822 et
839 1759 974 1838 tt-te‚
998 1757 1129 1837 denique
1148 1757 1184 1814 at
1201 1772 1267 1836 sqq.

128 1845 322 1907 Deteriorutn
346 1845 421 1907 ordo
444 1846 523 1907 idem
547 1854 608 1927 est,
634 1865 723 1926 qoem
744 1845 890 1908 Frankius
914 1846 1081 1924 expressit,
1106 1842 1165 1904 nisi
1188 1841 1269 1921 quod

129 1931 259 1992 86-88
283 1929 371 2010 positi
393 1937 462 1991 sunt
484 1938 552 2011 post
576 1933 624 1993 73.
667 1934 707 1994 At
730 1932 810 1993 unde
833 1930 909 1994 baec
931 1928 1092 1990 diversitas
1119 1928 1269 2004 originem

126 2015 237 2086 duxit?
279 2015 341 2076 Aut
360 2018 488 2096 egregie
510 2017 604 2096 fallor,
628 2026 679 2081 aut
695 2037 736 2079 ex
752 2017 907 2097 archetypi
925 2014 1097 2078 conditione
1119 2019 1189 2076 nata
1209 2019 1269 2088 est;

128 2105 170 2165 ito
194 2110 295 2166 autem
318 2101 389 2162 mibi
411 2121 476 2163 rem
500 2103 639 2167 informo.
684 2103 763 2166 Casu
779 2104 909 2184 quodam
932 2102 1073 2164 librarios
1095 2100 1125 2162 in
1150 2098 1270 2160 descri-

129 2188 232 2250 bendo
256 2205 346 2251 onam
370 2190 524 2269 paginam,
548 2207 607 2268 qua
629 2196 697 2252 octo
721 2191 763 2251 illi
784 2205 893 2251 versus
918 2188 1040 2247 ll-8l
1067 2185 1269 2248 contineban-

128 2283 194 2356 tur,
227 2274 426 2353 praeterierat
451 2291 567 2354 eosque
593 2293 701 2338 versus
724 2293 831 2338 errore
854 2274 976 2354 cognito
998 2279 1067 2353 post
1089 2278 1269 2350 sequentem

129 2362 282 2442 peginam,
306 2376 386 2439 quae
410 2379 450 2421 ex
472 2378 582 2423 novem
604 2361 651 2424 bis
668 2362 794 2421 82--90
817 2360 982 2438 constabat,
1004 2357 1164 2421 collocavit
1178 2356 1268 2436 signo

133 2445 267 2526 quodam
293 2444 393 2506 addito
419 2446 455 2507 ad
482 2464 618 2510 errorem
644 2447 816 2527 legentibus
843 2445 1036 2508 indicandum
1047 2440 1105 2525 ⁸).
1153 2441 1270 2502 Deinde

129 2531 287 2594 meliorum
311 2531 447 2593 codicum
470 2531 599 2614 librarii,
623 2551 699 2614 quos
722 2535 845 2595 nimium
867 2533 1030 2610 religiosos
1052 2531 1110 2592 iam
1134 2527 1269 2608 pluribus

128 2618 206 2679 locis
228 2618 412 2698 invenimus,
445 2619 581 2682 ordinem
606 2621 767 2682 restituere
797 2620 862 2681 ausi
891 2635 952 2680 non
984 2622 1068 2696 sunt,
1100 2614 1269 2677 deteriores

129 2701 250 2766 fortiter
271 2703 413 2766 iudicium
436 2705 644 2768 adhibuerunt.
689 2705 731 2768 lta
751 2709 777 2768 si
794 2723 846 2768 res
864 2703 964 2784 babet,
985 2708 1099 2766 tantum
1118 2701 1214 2781 abest,
1236 2707 1269 2762 ut

130 2789 305 2852 melioribus
328 2789 412 2850 libris
435 2788 525 2852 fidem
552 2791 752 2873 abrogemus,
784 2799 816 2853 ot
837 2807 985 2853 sommam
1010 2788 1208 2850 constentiam
1231 2785 1269 2849 iis

130 2876 349 2938 attribuendam
376 2874 544 2939 clarissimo
571 2878 712 2957 exemplo
739 2876 946 2939 confirmatum
973 2873 1148 2936 babeamus.
1193 2869 1268 2932 Nam

131 2961 288 3024 meliorum
312 2961 432 3042 quidem
455 2963 531 3026 ordo
553 2981 697 3025 versuum
722 2963 803 3024 nullo
830 2969 916 3044 pacto
945 2958 1092 3022 serendus
1115 2964 1176 3037 est,
1209 2959 1269 3018 im·

130 3048 235 3128 primis
257 3055 384 3128 propter
404 3066 451 3111 vr.
474 3052 617 3132 'ts-ts,
651 3050 704 3131 qui
733 3067 802 3112 earu
834 3047 945 3112 babent
973 3044 1121 3125 indolem,
1152 3050 1268 3105 utnon

130 3136 247 3213 possint
268 3133 326 3195 dici
349 3151 366 3195 a
389 3149 488 3216 mure,
517 3144 678 3217 postquem
701 3135 740 3198 de
759 3143 848 3215 tergo
870 3151 965 3197 ranae
987 3133 1048 3194 iam
1071 3131 1215 3210 delapsus
1237 3131 1268 3190 in

132 3237 240 3300 aquam
265 3227 328 3300 est,
360 3237 453 3298 quum
477 3223 656 3301 praesertim
681 3219 849 3282 secundum
874 3219 955 3281 illam
977 3219 1125 3279 rationem
1150 3215 1268 3278 duobus

131 3313 245 3368 tantum
266 3305 407 3368 versibus
431 3313 501 3386 post
519 3324 586 3369 mus
603 3306 696 3368 altera
716 3307 854 3368 oratione
869 3321 973 3367 renam
990 3302 1178 3383 gravissimis
1196 3317 1270 3382 per-

131 3399 276 3472 sequatur
298 3391 556 3456 detestationibus.
599 3393 705 3454 Altero
726 3394 819 3474 igitur
841 3392 1024 3455 deteriorum
1047 3388 1155 3452 ordine
1175 3388 1270 3450 resti·

132 3484 194 3539 toto
226 3478 275 3540 illa
307 3477 428 3558 quidem
457 3479 537 3540 bene
567 3479 735 3542 cohaerere
764 3478 918 3557 videntur3
953 3476 1007 3539 sed
1031 3476 1100 3538 vide
1124 3477 1166 3537 sis
1189 3472 1268 3555 apud

132 3562 283 3644 Wolfiom,
307 3564 358 3644 qui
379 3562 457 3625 hanc
480 3566 626 3626 rationem
650 3573 773 3627 secutus
797 3573 852 3644 est,
877 3580 967 3644 quam
988 3562 1090 3641 inepte
1113 3579 1161 3622 vv.
1185 3562 1269 3620 tn·-

133 3650 172 3709 te
197 3649 327 3730 (Frankii
350 3647 488 3731 86-88)
512 3657 631 3712 etcum
655 3649 905 3713 antecedentibus
930 3654 1049 3710 etcum
1072 3647 1269 3726 sequentibus

133 3735 326 3816 copulentur!
370 3733 450 3796 Nom
469 3734 549 3818 quod
569 3735 698 3799 Woltius
721 3738 848 3799 lacunae
871 3736 990 3815 signum
1012 3741 1083 3815 post
1105 3732 1144 3792 73
1162 3734 1270 3814 posuit,

133 3822 199 3883 sine
224 3821 314 3884 dubio
336 3819 481 3901 deceptus
505 3828 550 3884 est
573 3822 694 3886 levitate
715 3822 870 3902 Bnrnesii,
907 3822 957 3901 qui
979 3819 1057 3883 baec
1078 3821 1218 3900 ascripsit
1238 3819 1270 3878 in

133 3915 219 3970 noto:
245 3907 318 3983 „llio
339 3909 370 3969 in
391 3906 462 3970 blss.
485 3907 522 3970 A
543 3914 572 3969 ct
596 3909 629 3973 Γ
646 3916 815 3988 sequuntur
837 3907 950 3988 aliquot
971 3923 1082 3970 versos
1103 3903 1271 3984 imperfecti

131 4054 416 4069 ——ff-—n———o—

205 4133 225 4204 ‘l
246 4131 439 4202 Bernhardyus
458 4132 485 4187 in
505 4130 576 4188 Hist.
598 4132 645 4190 Gr.
668 4131 729 4190 Litt.
749 4129 784 4188 ll.
802 4151 828 4204 p.
849 4131 900 4188 132
926 4130 1080 4201 suspicatur
1104 4123 1195 4198 σισιιήι
1217 4135 1269 4197 θην

135 4213 212 4262 rtem
231 4203 279 4268 0135
308 4205 354 4256 sed
375 4205 448 4257 rosis
468 4211 521 4274 θην
540 4207 593 4260 rim
615 4221 702 4278 prope
720 4206 832 4260 dixerim
852 4203 1020 4257 subtiliorem
1040 4216 1199 4272 essequam
1219 4219 1268 4271 pro

133 4277 212 4332 buius
232 4284 328 4347 poetae
347 4274 525 4343 simplicitate.
545 4305 577 4317 -

194 4347 225 4415 ¹¹)
246 4345 335 4400 Possis
355 4347 433 4399 etiam
453 4355 578 4412 statuere,
597 4349 623 4402 in
639 4347 786 4422 archetypo
804 4348 898 4401 lolium
920 4361 1002 4399 unum
1023 4343 1106 4399 luisse
1125 4344 1270 4407 intersum,

135 4419 276 4491 arpagine
296 4427 368 4474 recta
389 4417 458 4472 lacte
477 4418 510 4472 sit
530 4420 642 4478 adversa
662 4451 696 4462 -
717 4423 768 4478 nisi
788 4421 840 4474 boc
860 4418 949 4488 potius
969 4418 1003 4472 sit
1021 4415 1158 4472 hariolari.
