3124 5220
685 419 726 487 di

137 602 358 684 indignumque
384 599 544 678 habuisse,
580 597 660 678 quod
687 597 831 678 principis
861 603 970 677 poetae
1001 613 1110 678 nomen
1141 613 1214 677 prae
1245 613 1280 658 sc

143 691 248 752 ferret.
294 685 370 749 Nam
395 687 432 747 dc
454 683 545 746 Suida
571 683 707 766 quidem,
742 686 791 765 qui
815 701 917 746 secum
938 684 1005 762 ipse
1028 690 1155 766 pugnat,
1189 699 1279 762 quum

143 795 166 838 s.
185 793 215 837 v.
231 769 392 854 Ὄμηρος
414 771 539 834 Homeri
563 787 633 832 csse
656 771 733 832 dicat
755 770 832 832 Batrz
853 768 1042 849 eandemque
1064 787 1087 831 s.
1105 787 1133 831 v.
1156 768 1280 850 Πίγρης

144 862 213 922 huic
236 858 405 938 adscribat,
437 856 480 918 sic
503 856 694 919 statuendum
719 863 780 936 cst,
811 875 880 918 eum
907 854 1017 918 iudicio
1042 855 1124 918 nullo
1148 852 1279 915 adhibito

146 961 224 1028 quae
252 960 374 1028 quoque
398 945 482 1028 loeo,
507 943 587 1004 unde
610 942 734 1004 haurire
756 943 851 1023 licuit,
875 943 1033 1022 invenerit,
1057 959 1093 1004 ea
1117 941 1282 1002 transscri-

143 1035 244 1114 psisse
272 1031 343 1116 nihil
374 1037 519 1092 moratum
548 1029 696 1110 cuiusque
724 1025 879 1108 scriptoris
901 1028 989 1090 iidem
1014 1036 1044 1090 et
1065 1029 1281 1090 auctoritatem.

142 1119 230 1192 Quod
253 1123 353 1179 autem
375 1119 474 1200 ipsum
498 1115 693 1177 Aristotelem
722 1115 864 1176 nonnulli
885 1115 914 1174 in
938 1131 1043 1176 eorum
1066 1131 1195 1176 numero
1217 1119 1282 1173 ret-

140 1205 281 1283 tulerunt,
305 1205 356 1284 qui
377 1203 408 1264 id
425 1218 547 1264 vermen
567 1202 603 1264 ab
622 1201 754 1264 Homero
771 1199 938 1282 proiectum
957 1200 1148 1282 crediderim,
1172 1207 1282 1283 magna

142 1291 302 1353 temeritas
319 1297 382 1366 est3
411 1287 460 1350 ille
484 1291 563 1349 enlm
587 1289 612 1348 si
634 1287 792 1367 llargitem
815 1289 846 1348 ut
869 1301 992 1348 carmen
1016 1287 1208 1350 Homericum
1231 1287 1279 1348 ai-

142 1379 200 1440 fert
218 1379 249 1438 in
261 1375 359 1438 ,Ethic
375 1373 423 1453 Vl,
439 1377 466 1458 t,
484 1373 511 1437 2.
536 1374 615 1436 Poet.
632 1376 659 1455 t,
683 1373 753 1454 quid
775 1373 834 1434 hoe
856 1371 903 1450 ad,
916 1373 1017 1436 Batai
1057 1374 1140 1452 luter
1159 1381 1282 1436 utram-

145 1481 209 1544 que
231 1478 354 1524 carmcn
378 1463 458 1522 enim
482 1461 570 1540 quae'v
583 1459 777 1522 intercedere
799 1460 864 1521 visa
888 1467 935 1522 est
960 1460 1118 1540 cognatio,
1150 1477 1186 1522 ea
1213 1467 1283 1520 tan-

84 1551 86 1558 “
142 1559 205 1612 tum
231 1549 262 1609 in
291 1545 461 1626 argumenti
485 1547 592 1608 ludicri
617 1555 742 1608 externa
767 1545 896 1626 quadam
919 1545 1110 1608 similitudine
1134 1547 1283 1623 cernitur;

145 1644 286 1717 quaeque
310 1639 473 1712 supersum
496 1631 534 1694 de
556 1629 684 1712 blargbe
708 1631 851 1711 frustula,
882 1650 918 1694 ea
941 1634 966 1694 si
989 1651 1056 1694 cum
1078 1632 1157 1695 Ratr.
1181 1631 1282 1694 indole

143 1721 390 1802 comparaveris,
422 1737 462 1780 na
491 1715 591 1780 eidem
616 1726 725 1799 poetae
752 1725 913 1798 utrumque
940 1735 1061 1780 carmen
1087 1718 1282 1800 ascribemus,

143 1807 233 1870 valde
258 1805 436 1868 dissuadere
459 1804 607 1866 videntur.
649 1803 710 1868 Sed
741 1803 885 1886 quidquid
914 1803 941 1865 id
971 1811 1032 1886 est,
1061 1805 1132 1866 illud
1156 1811 1281 1885 constat,

142 1895 173 1957 in
196 1893 315 1972 scriptis
337 1890 507 1953 Aristotelis
526 1891 627 1952 locum
651 1909 733 1952 nunc
760 1898 882 1952 exstare
905 1890 1034 1971 nullum,
1067 1891 1119 1952 ubi
1142 1891 1178 1952 ad
1201 1889 1280 1953 Batr.

143 1981 192 2042 vel
216 1979 326 2058 digito,
359 1985 392 2039 ut
415 1978 512 2056 aiunt,
546 1983 716 2039 monstrare
746 1975 891 2038 videatur.
944 1976 1013 2038 Post
1035 1981 1157 2038 renatas
1182 1982 1280 2038 autern

143 2068 258 2128 litteras
282 2081 372 2144 quum
396 2061 604 2125 effloresceret
628 2063 813 2126 Graecorum
837 2062 965 2124 studium
990 2065 1183 2144 scriptorum,
1210 2081 1282 2126 car-

143 2169 213 2214 men
235 2151 295 2214 hoc
316 2151 453 2229 inprimis
475 2150 636 2211 lectitatum
662 2149 699 2212 ad
721 2148 844 2211 Homeri
871 2167 981 2211 nomen
1008 2149 1127 2212 referre
1156 2167 1196 2210 ex
1222 2149 1281 2210 lide

144 2239 262 2302 illorum
286 2252 363 2316 quos
382 2235 473 2316 posui
494 2243 631 2298 veterum
654 2254 715 2297 non
739 2235 927 2312 dubitarunt3
950 2253 1078 2316 eamque
1102 2238 1279 2298 sententiam

143 2324 261 2406 plurimi
284 2323 366 2402 iique
388 2321 543 2402 principes
564 2322 729 2384 litterarum
752 2323 974 2384 existimatores
1004 2321 1054 2384 diu
1086 2324 1196 2384 acriter
1225 2321 1282 2383 de-

143 2407 325 2488 fenderunt,
350 2423 390 2469 ex
413 2408 521 2488 quibus
537 2426 636 2470 unum
659 2401 731 2471 satis
755 2410 810 2489 erit
833 2409 1006 2471 nominasse
1029 2408 1192 2488 Philippum
1213 2407 1281 2470 Hc-

142 2497 332 2570 larithonem;
370 2495 503 2556 omnium
532 2494 615 2555 enim'
646 2496 696 2557 val
722 2495 857 2562 rationes
889 2512 1045 2576 exponere
1078 2495 1125 2556 vel
1159 2496 1280 2557 nomina

143 2582 266 2646 reterre
293 2579 352 2642 hoc
381 2581 450 2642 loco
479 2579 551 2641 nihil
579 2582 697 2663 attinet,
733 2579 843 2660 quippe
872 2579 909 2641 de
932 2581 1227 2661 quibus'Barnesius
1251 2583 1281 2642 tn

142 2668 334 2752 praelatione
357 2667 482 2747 copiose
505 2666 691 2730 disseruerit.
745 2664 885 2729 Attamen
907 2684 948 2729 ne
969 2675 1031 2731 tum
1058 2667 1177 2749 quidem
1206 2669 1281 2729 recti

143 2755 246 2818 iudicii
269 2752 430 2814 defuerunt
453 2753 527 2833 viri,
562 2753 612 2834 qui
641 2751 897 2833 contradicerent,
932 2762 966 2816 ut
989 2754 1080 2815 Henr.
1103 2753 1282 2833 Stephanus.

142 2843 190 2924 Si,
211 2839 322 2920 inquit,
344 2838 423 2900 Hatr.
447 2857 506 2918 ego
529 2846 699 2919 suspectam
723 2839 783 2900 non
807 2839 960 2922 haberem,
983 2839 1105 2901 Iliadem
1128 2847 1158 2900 ct
1180 2837 1284 2919 Odys-

142 2944 245 3006 seam,
274 2927 300 2986 si
323 2925 394 3004 quid
417 2925 528 2986 iudicio
550 2925 653 3006 valeo,
685 2928 855 3004 suspectam
879 2924 993 2988 habere
1016 2925 1171 2988 deberem.
1216 2925 1282 2987 No-

142 3022 205 3077 stra
230 3018 328 3074 autem
355 3018 468 3093 aetate,
491 3017 651 3091 postquam
674 3010 803 3072 Wolfius
826 3012 863 3074 de
885 3010 1018 3075 Homero
1041 3013 1168 3094 scripsit,
1191 3029 1281 3074 nemo

143 3115 238 3162 ausus
262 3103 308 3158 ast
329 3097 408 3158 illem
433 3098 611 3158 sententiam
635 3098 789 3179 amplecti,
822 3117 911 3179 quam
941 3101 992 3180 qui
1023 3097 1155 3178 legitima
1184 3115 1282 3179 quac-

142 3187 245 3248 stione
266 3183 400 3246 instituta
424 3183 623 3246 damnandam
648 3191 849 3265 censuerunt,
876 3202 999 3263 operam
1024 3185 1172 3247 dederunt
1195 3184 1282 3247 adid

139 3269 352 3352 eliciendum,
377 3268 457 3350 quod
481 3287 571 3330 nemo
593 3287 674 3330 nunc
697 3269 877 3330 dubitaverit
889 3265 928 3353 ⁴³).
997 3265 999 3270 ’
1170 3277 1173 3284 “

230 3356 344 3418 Relicta
367 3356 459 3436 igitur
481 3355 569 3417 huius
590 3358 778 3418 inveteratae
800 3353 950 3436 opinionis
971 3355 1094 3418 levitate
1101 3406 1109 3439 ,
1142 3373 1220 3438 quae
1244 3375 1283 3418 ex

140 3461 183 3506 eo
207 3442 288 3505 haud
312 3438 402 3504 dubie
425 3447 489 3504 orta
513 3449 567 3523 est,
593 3442 673 3522 quod
697 3457 819 3518 carmen
844 3441 1060 3523 ad·exemplar
1081 3443 1182 3506 lliadis
1205 3460 1283 3505 con-

144 3531 246 3594 fictum
272 3543 342 3591 esse
367 3529 539 3610 apparebat,
564 3530 857 3611 circumspiciamus,
882 3529 967 3610 quid,
991 3531 1042 3609 qui
1064 3527 1282 3612 dissenserunt,

141 3632 326 3699 persuasum
347 3613 516 3676 habuerint.
570 3613 607 3674 Et
635 3632 725 3694 quum
751 3613 841 3695 pauci
863 3620 976 3675 tantum
1001 3631 1057 3694 per
1083 3619 1173 3676 totam
1203 3616 1283 3676 anti-

144 3704 289 3785 quitatem
313 3701 401 3762 huius
424 3701 566 3764 carminis
589 3707 710 3762 exstent
732 3703 840 3781 testes,
872 3697 958 3762 adest
980 3697 1102 3782 Suidas,
1134 3702 1185 3782 qui
1208 3717 1231 3764 s.
1254 3719 1282 3764 v.

138 3852 243 3860 ⁷---—-—
254 3847 425 3856 ,.-—---—·——-·-

217 3924 236 3992 ⁸)
255 3922 403 3990 Diligenter
423 3922 453 3972 dc
471 3919 543 3970 Bate.
563 3919 672 3970 Homero
695 3921 868 3972 diiudicanda
892 3919 945 3986 egit
961 3921 994 3973 A.
1013 3923 1043 3974 de
1062 3921 1194 3974 Schlieden
1216 3921 1284 3990 Lips.

145 3994 224 4051 1816.
263 3993 292 4047 ln
316 3993 427 4048 eandem
450 3989 606 4044 sententiam
633 4005 702 4058 quae
728 3990 839 4060 protulit
861 3994 888 4044 J.
913 3993 941 4045 V,
961 3993 1066 4046 liechies
1090 3994 1119 4043 de
1137 3993 1246 4044 Homero
1265 4001 1287 4043 et

142 4069 215 4120 Bate.
236 4067 304 4134 urps.
320 4061 396 4126 1788,
416 4061 510 4114 dubito
527 4077 560 4114 an
580 4059 651 4114 serio
672 4059 790 4116 hierem
811 4063 909 4129 egerit:
930 4063 964 4116 ita
982 4064 1065 4116 risum
1086 4062 1285 4116 excitatlibel-

143 4139 195 4192 lus.
234 4139 264 4190 G.
284 4137 314 4187 F.
332 4137 370 4218 D..
386 4135 462 4186 Goess
480 4135 509 4184 de
528 4133 601 4186 Batr.
619 4133 753 4216 Erlanqae
774 4133 841 4190 1789
863 4135 1016 4216 pervulgata
1042 4134 1131 4216 omnia
1154 4135 1287 4218 enarrarit

142 4202 1286 4346 'ltili'llttltltalitaliillitilltfHailallltttlhlt:

143 4352 253 4405 cissime
283 4349 382 4402 abusus
411 4355 452 4400 est
476 4348 503 4396 J.
527 4348 554 4397 (1.
582 4348 739 4418 Volddediay,
771 4348 817 4420 qui
843 4349 869 4400 in
893 4349 1036 4418 Specimiraa
1057 4351 1189 4403 emendati.
1214 4350 1284 4402 aaa.

143 4425 317 4488 Helncstadiae
338 4415 492 4476 areanum
512 4417 585 4472 eliud
607 4418 659 4470 nisi
677 4429 802 4488 proterva
823 4417 909 4472 fronte
929 4435 1049 4487 magnam
1069 4419 1143 4472 illius
1161 4418 1286 4488 disputa-

143 4495 225 4550 tionis
248 4502 349 4562 partem
369 4492 401 4546 ad
422 4487 533 4542 verbum
554 4490 703 4558 exscripsit
725 4519 759 4530 -
789 4488 847 4544 Hos
875 4489 940 4544 mihi
966 4491 1074 4546 libellos
1100 4490 1163 4543 alibi
1189 4490 1287 4545 frustra

145 4565 282 4640 quaesitos
301 4563 405 4618 Theod.
425 4559 552 4616 Moebius
573 4573 615 4625 ea„
624 4559 690 4642 bibl.
711 4559 844 4636 lipsiensi
863 4561 1056 4620 humanissime
1075 4561 1228 4618 transmisit.
