3124 5220
326 554 396 617 dum
419 551 542 637 curavit)
566 571 604 616 eo
635 560 680 616 est
710 554 862 634 notabilis,
894 553 974 634 quod
999 553 1133 635 „primus
1156 560 1228 615 tunc
1251 551 1384 616 omnium
1410 569 1471 613 ve-

325 643 398 703 teris
428 640 576 702 Graeciae
604 640 784 719 scriptomm
814 640 871 703 sub
901 639 1013 702 incude
1042 638 1192 703 sudavttt.
1244 639 1347 700 Verba
1378 637 1470 700 buius
1539 681 1540 696 a

327 727 466 790 editionis
489 724 611 790 dubium
637 742 698 787 non
722 732 768 788 est
790 727 861 806 quin
886 725 1050 805 diligenter
1072 744 1090 785 e
1113 724 1220 787 codice
1245 741 1301 786 ms.
1326 725 1385 785 sint
1409 742 1471 784 ex·
1539 733 1540 742 ²

325 829 448 892 pressa,
472 813 562 873 ctiam
585 810 751 873 levioribus
774 811 924 875 interdum
947 811 1066 872 mendis
1090 827 1150 872 non
1175 811 1338 891 correctis,
1369 827 1470 888 eaque

327 899 365 958 de
381 915 473 959 causa
489 896 603 959 codicis
623 899 720 959 instar
737 900 845 960 merito
862 899 921 960 iam
942 897 1132 960 alllaittairio
1152 895 1252 959 babila
1270 895 1361 958 editio
1377 904 1423 956 est
1432 891 1472 976 1).

327 983 391 1044 Eae
414 990 514 1044 autem
539 982 708 1065 editiones,
743 1001 818 1063 quas
841 983 930 1046 modo
954 983 1015 1045 dixi
1037 982 1173 1044 Venetae
1193 981 1322 1062 palmam
1350 982 1473 1061 praeri-

327 1087 403 1149 pere
426 1069 562 1148 studere,
593 1069 659 1130 sive
682 1087 748 1130 eam
772 1077 1014 1150 antecesserunt,
1047 1068 1112 1130 sive
1135 1075 1205 1129 sunt
1227 1075 1367 1146 secutae,
1399 1065 1473 1127 nihil

328 1163 414 1216 corte
435 1154 471 1216 ad
494 1153 637 1216 carminis
661 1154 787 1217 formam
812 1162 842 1217 ct
864 1161 1039 1218 contextum
1062 1153 1238 1215 mutandum
1261 1152 1472 1227 contulerunt,

329 1241 357 1300 id
382 1240 462 1319 quod
487 1257 587 1300 exeo
611 1241 741 1302 maxime
765 1239 910 1320 efficitur,
944 1240 1024 1321 quod
1050 1257 1199 1320 nusquam
1223 1239 1322 1302 adbuc
1345 1256 1472 1318 compa-

328 1327 386 1387 ruit
410 1332 496 1386 vetus
521 1325 687 1406 exemplar,
713 1327 784 1405 quin
808 1333 921 1389 textum
945 1327 1102 1406 vulgarem
1125 1324 1299 1386 reddiderit.
1344 1322 1372 1386 ls
1396 1341 1472 1400 vcro

330 1429 390 1473 non
413 1411 590 1474 constitutus
615 1417 661 1472 est
683 1411 815 1474 editione
838 1413 971 1492 Veneta,
1004 1430 1082 1493 quac
1105 1411 1219 1472 nullum
1240 1410 1343 1473 habuit
1370 1410 1472 1469 imita-

331 1505 444 1577 torem,
473 1494 527 1558 sed
549 1495 680 1558 editione
698 1497 821 1559 Homeri
845 1516 970 1579 operum
993 1497 1164 1560 Florentina
1190 1496 1270 1556 1488
1294 1514 1373 1576 quac
1398 1512 1473 1576 prc-

330 1583 382 1643 diit
404 1601 477 1643 cura
499 1581 644 1644 Demetrii
668 1581 898 1665 Chalcondylac.
949 1581 983 1644 ln
1013 1583 1072 1645 ltoc
1100 1582 1179 1644 libro
1206 1581 1361 1663 spectabili
1392 1580 1471 1641 Batr.

330 1687 370 1729 ex
391 1685 453 1730 uno
476 1667 581 1730 codice
594 1665 654 1750 11ιὲ),
677 1676 710 1731 ut
732 1671 789 1732 illis
811 1671 998 1751 temporibus
1019 1669 1145 1748 solebat,
1170 1686 1316 1748 expressa
1338 1673 1392 1748 cst,
1416 1666 1470 1727 sed

328 1760 428 1814 tamen
455 1771 516 1815 noo
549 1771 661 1832 expers
689 1755 744 1816 fuit
772 1773 878 1816 manus
909 1755 988 1816 docti
1017 1755 1210 1816 correctoris.
1264 1753 1351 1825 Quod
1378 1771 1469 1832 quum

328 1843 394 1919 ipse
423 1838 643 1920 Chalcondylas
673 1839 703 1900 in
733 1840 921 1921 praefatione
953 1837 1127 1922 significare
1156 1838 1295 1902 videatur
1326 1833 1374 1919 [cd
1404 1843 1470 1919 μὲν

328 1917 395 1989 ὑπὸ
425 1926 490 1988 τῶν
521 1917 563 1988 coi
590 1922 776 2008 γράμματα
809 1927 1056 1998 συντιθέντων,
1092 1917 1129 1988 cd
1156 1923 1183 1988 δ’
1208 1933 1255 1989 ἔοι
1287 1918 1345 2003 ὑφ’
1373 1915 1470 2004 ἡμῶν

330 2007 538 2090 παροφθὲν),
566 2017 628 2070 tum
651 2010 748 2073 omnis
771 2010 913 2073 dubitatio
936 2011 1048 2073 tollitur
1072 2009 1170 2071 multis
1194 2017 1223 2071 et
1244 2008 1397 2071 interdum
1419 2008 1469 2067 in-

330 2094 510 2174 signissimis
533 2094 726 2177 lectionibus,
760 2114 838 2177 quae
861 2099 892 2158 in
914 2097 997 2159 nullo
1021 2094 1127 2159 codice
1156 2113 1237 2158 nunc
1264 2097 1468 2156 inveniuntur.

330 2179 380 2242 Sic
403 2193 495 2242 versu
523 2177 642 2264 itm)
670 2181 781 2260 legitur
810 2205 894 2247 caeca
922 2184 1057 2265 γείνατο
1086 2181 1187 2243 invitis
1215 2181 1386 2262 codicibus,
1420 2180 1472 2258 qui

329 2264 444 2327 babent
469 2263 506 2326 ad
532 2281 624 2328 unum
654 2281 761 2329 ornnes
789 2262 1023 2350 α’νεθρὲινατο,
1057 2267 1138 2347 quod
1163 2267 1293 2330 fortasse
1319 2267 1358 2329 ob
1383 2268 1470 2326 inso-

330 2351 452 2412 lentiam
475 2350 592 2413 formae
614 2353 787 2415 mutandum
810 2353 945 2428 censuit3
969 2351 1023 2414 sed
1044 2369 1118 2414 usus
1140 2353 1232 2414 medii
1256 2354 1354 2414 active
1376 2368 1471 2414 usur-

330 2437 392 2516 pati
414 2437 579 2499 sustinetur
600 2437 690 2502 huius
711 2439 853 2500 carminis
877 2456 904 2498 v.
928 2435 966 2498 30
996 2445 1027 2500 et
1048 2437 1237 2501 Hermesian.
1261 2439 1339 2518 eleg.
1362 2438 1403 2517 ig.
1430 2437 1469 2496 69

330 2523 443 2586 Delect.
467 2541 535 2585 cum
556 2523 754 2608 Theopompo
778 2543 824 2606 ap.
842 2523 952 2586 Atben.
975 2543 1004 2604 p.
1020 2525 1092 2586 sta.
1106 2557 1144 2569 —
1169 2525 1320 2588 Lacunam
1340 2524 1471 2586 fortasse

332 2607 445 2669 codicis
464 2610 639 2688 expleturus
661 2629 689 2672 v.
705 2613 744 2670 25
764 2603 944 2690 interposuit
963 2609 1035 2690 pite
1052 2609 1234 2672 adversante
1251 2629 1278 2673 v.
1293 2611 1341 2671 32.
1386 2609 1473 2670 Gon-

331 2701 378 2754 tra
401 2691 524 2756 codices
546 2695 650 2775 ctiam,
677 2697 746 2757 licet
769 2695 916 2777 probabili
939 2695 1112 2760 coniectura
1135 2698 1309 2778 transpositi
1330 2703 1400 2758 suot
1422 2713 1471 2757 vv.

337 2779 406 2842 127.
426 2779 495 2864 128,
519 2795 646 2860 quorum
668 2781 754 2844 locus
776 2783 875 2845 iuerat
896 2789 968 2862 post
993 2782 1061 2843 131.
1106 2781 1165 2846 Sed
1185 2801 1308 2847 causam
1328 2783 1472 2844 mutatio-

332 2867 379 2926 nis
407 2867 530 2926 omnino
559 2883 622 2931 uon
649 2867 800 2950 perspicio
829 2868 878 2930 bis
907 2869 997 2933 locis:
1031 2869 1071 2930 83
1102 2873 1182 2950 αἴρω
1209 2863 1236 2932 α’
1263 2875 1299 2934 ἐν
1327 2867 1473 2940 νώτοισι,

316 2951 393 3028 ‚241
427 2945 597 3034 θαμώθη,
630 2955 668 3014 55
694 2948 811 3035 dnae,
841 2955 892 3016 ubi
920 2955 1056 3016 codicum
1088 2955 1259 3034 elegantem
1292 2961 1474 3016 structuram

330 3029 478 3115 ὑμέτερα
501 3069 542 3082 --
565 3040 633 3103 τών
651 3032 735 3102 abaci
760 3039 886 3122 λίμνην
903 3037 1037 3120 ligonius
1058 3040 1169 3121 probat
1191 3059 1232 3103 ex
1250 3041 1358 3121 Hpmn,
1374 3039 1471 3121 Apoll.

331 3119 414 3200 Pptb.
439 3119 509 3206 tat,
533 3121 603 3184 203.
647 3121 803 3205 Plerisque
833 3122 953 3206 quidem
981 3125 1056 3188 locis
1083 3128 1253 3208 corruptela
1276 3128 1388 3190 codicis
1414 3143 1472 3188 an-

333 3222 398 3270 sam
423 3205 504 3269 dedit
525 3210 731 3292 coniectandt,
764 3211 815 3273 nbi
844 3212 939 3274 verba
968 3219 1082 3276 tantum
1114 3229 1223 3293 ponam
1246 3215 1277 3274 in
1300 3213 1386 3275 codd.
1410 3227 1471 3273 non

331 3294 463 3371 inventa,
486 3292 525 3352 de
544 3299 693 3358 sententia
716 3304 821 3374 postca
845 3298 1065 3377 disputaturus:
1094 3299 1152 3360 ibt
1177 3300 1231 3365 ecl
1255 3293 1396 3382 κόρυθες
1413 3322 1471 3361 κο-

333 3377 435 3462 χλιοῖν
458 3377 589 3475 λεπτῶν
611 3375 726 3462 upoicc’
749 3376 1032 3484 dpepeeoilvncocs
1058 3382 1116 3441 174
1141 3378 1387 3465 ἑααλαξὴσοαοα
1408 3407 1473 3447 mo-

333 3457 433 3546 ρούοῃ
442 3481 454 3535 3
477 3459 536 3520 176
561 3461 739 3546 ede'cpcacm
762 3489 799 3528 ee
821 3463 990 3543 decederes
1025 3466 1253 3552 181αρώγλας
1276 3461 1303 3530 c'
1326 3464 1473 3550 ἐμποίη·

333 3566 415 3619 occa
449 3545 509 3606 225
534 3543 726 3634 Λιμνὴσιος
748 3544 778 3615 d'
798 3544 922 3638 ὄχθῃσι
951 3545 1172 3638 Ἥνρόνλνφον
1195 3548 1378 3637 ἐξενάριξας
1411 3553 1472 3614 234

344 3693 390 3700 ι...

403 3781 423 3852 *l
443 3780 524 3836 Hunc
542 3782 664 3838 codicem
683 3785 817 3840 invenisse
841 3801 884 3840 me
907 3785 1024 3842 arbitror
1043 3789 1070 3842 iu
1091 3787 1219 3858 Cetelogo
1238 3785 1309 3844 Bibl.
1326 3789 1394 3846 Mes.
1412 3788 1472 3844 Na-

333 3853 474 3908 nianorum
505 3855 690 3923 (patriciorum
721 3857 896 3926 Venetorum)
923 3855 1063 3913 Bononiae
1090 3859 1168 3916 1781.
1198 3859 1243 3918 lV.
1292 3863 1377 3918 ,478
1411 3865 1471 3916 cod.

333 3923 395 4007 282,
416 3924 446 3980 5:
475 3921 592 3994 Ὀμήρου
617 3929 718 3996 Βατρ,
744 3933 769 3979 le
794 3931 824 3980 ct
847 3949 900 3982 τισι
921 3933 1048 4000 Τίγρητος
1073 3935 1120 3984 τοῦ
1144 3929 1232 4002 καρὸς.
1268 3879 1378 3994 &chotin
1399 3935 1472 3988 ioci·

333 4005 422 4063 pruni:
440 3993 538 4066 Ἀρχὴν
557 3996 708 4058 ποιούμενος
727 3995 861 4067 καταρχήν
879 4003 930 4052 τῶν
950 4005 1018 4054 θεῶν
1033 4005 1085 4054 τῶν
1105 4033 1136 4043 -
1158 4007 1184 4056 ia
1203 4007 1252 4056 τοῦ
1270 4004 1355 4076 ὅρους.
1393 4003 1471 4070 Quae

334 4066 442 4136 quidem
462 4085 574 4137 prorsus
593 4085 653 4122 cum
677 4069 722 4122 illa
743 4071 861 4124 editione
881 4073 1043 4144 conspirant.

394 4137 426 4206 ”l
445 4137 600 4206 Agnoscere
619 4139 691 4194 bunc
711 4140 775 4194 mihi
796 4143 889 4196 videor
909 4143 979 4214 apud
1002 4141 1161 4200 Bendidium
1186 4146 1213 4200 in
1234 4143 1317 4201 Catal.
1337 4146 1405 4202 Mae.
1424 4147 1471 4204 Gr.

334 4204 408 4290 Flor.
428 4208 505 4264 1768.
525 4211 558 4274 ΙΙ,
578 4211 646 4264 Plut.
660 4211 695 4267 32
714 4213 775 4266 cod.
789 4214 813 4278 7,
832 4214 879 4268 nbi
897 4215 1016 4268 additur:
1035 4212 1077 4269 Ex
1095 4215 1148 4269 boc
1167 4219 1262 4273 codice
1280 4219 1413 4289 impresse
1433 4230 1473 4274 est

334 4279 416 4331 edituo
436 4281 561 4350 princeps
582 4279 696 4337 Homeri
714 4299 827 4354 operum
848 4303 909 4338 cum
928 4284 1001 4340 Betr.
1021 4283 1092 4340 ator.
1116 4287 1191 4344 1488.

385 4349 429 4416 ’“)
448 4349 581 4404 Versuum
600 4371 737 4417 numerus,
757 4355 802 4427 qui
821 4356 897 4409 valde
917 4361 942 4411 in
962 4358 1125 4413 editionibus
1145 4361 1279 4430 discrepet
1295 4377 1356 4414 cum
1375 4378 1470 4430 magno

335 4421 479 4488 legentium
513 4423 702 4491 incommodo,
734 4426 778 4480 hic
810 4445 917 4498 semper
950 4429 982 4482 ud
1009 4431 1147 4500 exemplar
1174 4427 1351 4486 Frankianum
1381 4432 1472 4505 (1828)

335 4502 505 4563 computatus
524 4504 571 4548 est.

374 4871 832 5200 ι*
