3124 5220
880 321 926 389 AB

332 494 420 556 nibus
442 491 630 561 enucleanda
652 511 680 574 p.
696 494 756 552 333
780 493 839 556 hoc
857 495 972 574 posuit:
997 492 1172 570 „Vielleieht
1194 493 1233 558 ist
1255 490 1305 557 die
1320 490 1399 558 Batr.
1418 492 1473 558 mit

331 583 401 642 eine
424 577 521 640 Satira
544 596 691 659 genesen
712 581 768 642 aul
781 579 828 642 die
852 580 933 642 ohne
954 579 1110 642 ereilel
1102 598 1133 641 m
1157 579 1215 642 den
1229 589 1380 662 spaetern
1399 584 1472 664 epi-
1530 585 1531 628 1

332 665 426 726 schen
451 663 615 729 Gedichten
645 666 691 728 bis
720 681 790 728 zum
817 664 1002 728 Uehermass
1031 681 1287 748 ausgesponnene
1314 667 1474 731 Namens-

354 751 468 814 uesieu
1379 787 1383 799 ·

333 769 350 832 p
418 835 478 898 Sed
500 837 545 899 his
568 838 727 919 perpensis
742 839 777 899 si
799 838 829 899 in
853 856 920 899 eam
943 839 1122 913 sententiam
1145 839 1373 921 devenerimus,
1406 858 1472 902 non
1530 919 1531 922 Ἴ

332 930 401 985 ante
424 931 541 986 sextum
564 924 630 986 lere
651 923 786 986 seculum
809 925 1007 1004 compositum
1030 942 1101 988 esse
1126 944 1264 1006 carmen,
1289 928 1473 1006 circumspi-

332 1009 470 1072 ciendum
494 1017 555 1090 est,
588 1009 625 1072 ad
653 1029 742 1090 quarn
773 1015 901 1072 aetatem
927 1017 990 1074 tute
1012 1010 1102 1072 liceat
1124 1011 1321 1074 descendere.
1365 1013 1472 1092 Atque
1530 1055 1531 1066 ι

331 1097 379 1158 hic
401 1113 525 1176 quoque
546 1112 680 1176 poeseos
703 1097 808 1176 opicae
830 1095 962 1159 conditio
984 1095 1110 1176 digitum
1138 1099 1224 1177 quasi
1247 1097 1283 1160 ad
1300 1101 1470 1174 terminum
1530 1123 1531 1126 ¹

331 1181 538 1244 collocandum
566 1183 725 1245 intendere
752 1182 839 1245 nobis
863 1181 991 1244 videtur.
1034 1183 1114 1244 Nam
1132 1203 1222 1264 quum
1245 1185 1348 1265 poesis
1371 1185 1470 1265 opica,
1530 1201 1531 1204 ¹

330 1276 362 1332 ut
383 1267 472 1330 modo
500 1268 576 1350 dixi,
604 1278 637 1332 et
665 1275 823 1350 poetarum
851 1269 1006 1331 sterilitate
1033 1270 1148 1350 ingenii
1171 1278 1200 1331 et
1222 1273 1366 1333 universa
1387 1271 1468 1332 illius

332 1356 399 1419 aevi
421 1356 540 1417 ratione
562 1361 592 1416 et
613 1355 768 1417 voluntate
790 1371 888 1436 paene
911 1357 942 1417 in
965 1363 1167 1437 contemptum
1189 1357 1334 1438 venisset,
1356 1357 1470 1418 exstitit

332 1441 527 1504 Antimachus
550 1440 772 1522 Colophonius,
806 1441 853 1503 vir
875 1441 1044 1504 eruditione
1066 1442 1339 1506 excellentissimus
1361 1449 1392 1504 et
1415 1444 1470 1522 qui

331 1545 447 1591 summa
469 1527 614 1590 industria
642 1544 820 1607 summoque
843 1526 950 1590 studio
965 1527 1096 1590 condidit
1118 1544 1260 1608 magnum
1283 1527 1354 1590 illud
1378 1529 1470 1590 volu·
1530 1573 1531 1582 .

327 1633 398 1676 men
421 1613 591 1676 Thebaidis.
641 1615 688 1678 Ah
712 1615 770 1676 hoc
793 1632 872 1676 nova
887 1630 1020 1693 prorsus
1043 1631 1156 1676 exorsa
1179 1621 1225 1676 est
1248 1622 1331 1676 aetas
1353 1616 1469 1676 carmi-

330 1704 375 1765 nis
404 1699 535 1781 heroici,
569 1718 627 1781 qua
662 1700 700 1763 de
729 1719 764 1762 re
794 1701 923 1780 egregie
949 1699 1092 1763 disseruit
1120 1699 1253 1762 Naekius
1277 1700 1313 1762 ad
1338 1697 1469 1763 Choeril.
1530 1735 1531 1752 ι

327 1806 356 1868 p.
381 1787 420 1846 67
444 1805 510 1866 sqq.
557 1785 774 1867 contemplanti
801 1793 899 1847 autem
928 1786 1013 1867 mihi,
1046 1793 1185 1866 quantam
1213 1786 1262 1848 hic
1290 1793 1380 1867 poeta
1405 1787 1467 1848 vim
1530 1785 1531 1796 ’

329 1873 467 1935 hahuerit
488 1872 525 1933 ad
548 1872 635 1954 leges
653 1888 785 1954 poeseos
802 1873 907 1952 epicae
925 1872 1161 1952 commutandas,
1183 1872 1262 1934 Batr.
1279 1873 1362 1934 nullo
1379 1881 1468 1953 pacto
1530 1897 1531 1908 ι

328 1967 400 2041 post
420 1977 488 2021 eum
511 1957 605 2021 scribi
627 1960 765 2040 potuisse
787 1958 914 2037 videtur,
937 1959 1049 2039 quippe
1071 1959 1101 2018 in
1125 1977 1184 2038 qua
1202 1958 1314 2020 nullum
1338 1966 1469 2021 mutatae
1530 2021 1531 2046 ,

328 2048 416 2108 huius
439 2044 619 2107 conditionis
641 2051 784 2126 appareat
799 2044 969 2122 vestigium.
1012 2043 1086 2105 lllud
1107 2047 1186 2106 enim
1204 2061 1295 2107 nemo
1311 2062 1373 2106 nen
1391 2063 1470 2107 con-

329 2133 434 2212 cedet,
457 2137 576 2210 poetam
599 2132 761 2230 paredum,
774 2131 837 2229 ‘qui
859 2136 962 2211 aperte
978 2136 1104 2193 ceteros
1128 2130 1300 2211 cavilletur,
1323 2150 1360 2192 ea
1382 2149 1469 2193 sem-

327 2225 548 2300 perspectare,
572 2219 703 2297 quaein
726 2217 819 2317 ipsius
842 2224 979 2296 tempora
999 2216 1110 2279 cadere
1132 2219 1264 2297 possint;
1288 2179 1421 2298 i'deoque
1438 2219 1468 2278 si

251 2364 253 2370 .
329 2306 396 2390 quis
418 2303 629 2366 Antimachum
651 2305 701 2366 vel
724 2308 789 2367 eius
813 2310 979 2365 sectatores
1001 2311 1108 2365 notare
1126 2303 1227 2382 vellet',
1250 2305 1288 2364 ei.
1298 2303 1390 2384 longe
1409 2303 1469 2365 ali-

326 2401 373 2454 ter
395 2409 460 2452 rem
483 2391 578 2452 luisse
600 2390 821 2452 instituendam.
872 2388 936 2451 Hoc
962 2407 1085 2472 quoque
1112 2388 1232 2450 difficile
1260 2387 1364 2470 luerit,
1396 2391 1469 2452 licet
1530 2399 1531 2432 ³

327 2477 497 2542 credulos
490 2494 520 2539 ιιι
544 2478 589 2538 his
611 2478 705 2538 rebus
728 2477 826 2556 lingas
851 2475 994 2556 Graecos,
1017 2475 1141 2538 Homeri
1158 2476 1280 2538 nornine
1298 2476 1468 2538 inscribere
1530 2491 1531 2562 ι

328 2582 451 2626 carmen
479 2571 549 2644 post
577 2562 706 2625 Platonis
736 2571 873 2644 tempora
903 2569 1014 2625 natum.
1069 2561 1186 2641 Neque
1202 2561 1233 2624 id
1262 2562 1328 2624 lere
1357 2565 1469 2643 patitur
1530 2565 1531 2610 ἓ

328 2649 494 2712 Alexandri
518 2651 602 2728 regis
626 2652 804 2730 auctoritas,
838 2667 926 2729 quem
951 2649 1190 2727 antiquissimum
1213 2648 1301 2710 huius
1325 2651 1468 2711 carminis

326 2743 434 2799 testem
457 2751 629 2816 agnoscere
651 2736 704 2796 vix
726 2737 845 2812 dubito;
868 2753 958 2814 quem
980 2753 1071 2814 quum
1095 2741 1238 2814 superato
1256 2734 1359 2798 Dareo
1377 2737 1468 2796 Anti·

326 2826 404 2908 patri
426 2839 559 2903 pugnarn
582 2840 651 2884 cum
673 2819 734 2902 Agi
754 2837 831 2904 rege
855 2822 1046 2884 commissam
1069 2818 1277 2902 comperisset,
1301 2819 1388 2884 hoc
1381 2840 1468 2884 roca-

325 2919 387 2972 ιιιιιι
410 2926 481 3009 esse
503 2915 605 2971 narret
627 2906 836 2972 Plutarchus
829 2925 859 2968 ru
886 2908 1001 3004 Agesil
1028 2925 1057 2987 p.
1080 2909 1142 2966 cot
1172 2903 1328 2982 Ἔοικεν,
1354 2898 1379 2970 ὦ
1403 2905 1467 2972 ἄν
1530 2977 1531 2986 ,

327 2990 450 3076 dpec,‘
433 3019 488 3060 ece
509 2993 689 3074 Aepeioo‘
670 3008 767 3078 ημεῑς
789 2996 950 3071 ἐνικῶμεν
957 2993 1141 3064 docende
1163 2997 1229 3056 ἐκεῖ
1250 3017 1300 3064 τις
1324 2998 1358 3058 ἐν
1379 2989 1468 3076 ’ρ·Α
1530 3029 1531 3066 ,

326 3080 425 3162 acdiq
446 3081 619 3178 γεγονέναι
642 3103 724 3176 praep
711 3079 829 3165 μοχία.
874 3078 969 3150 Qui
961 3096 1047 3141 rocus
1076 3087 1109 3142 ut
1135 3077 1302 3140 Alexandri
1329 3079 1467 3140 moribus
1530 3111 1531 3124 .

327 3166 484 3246 convenit,
517 3165 557 3225 ita
588 3165 669 3226 omni
698 3165 762 3228 sale
794 3171 913 3226 careret
943 3173 973 3226 et
1001 3165 1188 3229 obtusionem
1220 3164 1310 3245 quasi
1339 3164 1469 3227 haberet
1530 3154 1531 3176 ¹

327 3269 512 3334 mucronem,
536 3250 594 3313 nisi
617 3250 654 3314 ad
677 3260 782 3315 notum
806 3251 926 3332 aliquod
945 3267 1068 3314 carmen
1090 3251 1266 3332 respexisse
1288 3270 1395 3334 regem
1419 3251 1469 3313 di·
1530 3255 1531 3278 ¹

326 3355 475 3400 caremus.
527 3336 587 3399 Sed
615 3338 664 3400 hic
691 3339 775 3402 locus
798 3355 878 3401 unus
901 3347 962 3420 est,
995 3357 1054 3418 quo
1078 3346 1147 3401 ante
1173 3337 1313 3400 Caesaris
1336 3338 1470 3417 Augusti
1530 3359 1531 3402 3

326 3423 447 3502 quidem
476 3429 603 3483 aetatem
632 3431 754 3486 carmen
782 3431 865 3485 certe
892 3432 1161 3502 commemoratur3
1193 3441 1262 3485 nam
1287 3423 1470 3504 quod-Bar-

326 3509 429 3570 nesius
456 3509 614 3589 cogitavit,
646 3509 857 3571 Callimachum
884 3510 1026 3588 „multum
1052 3513 1081 3572 in
1104 3509 1150 3571 his
1173 3512 1332 3589 poematiis
1357 3527 1469 3573 versa·
1530 3497 1531 3570 ἶ

326 3603 387 3657 turn
410 3595 542 3675 fursee,
575 3595 626 3656 vix
654 3595 834 3659 refutatione
863 3595 986 3676 dignum
1014 3604 1069 3660 est.
1113 3595 1219 3658 Attulit
1241 3605 1390 3661 autema.
1419 3597 1469 3678 ll),
1530 3589 1531 3668 ἔ

325 3683 376 3743 ubi
395 3681 493 3743 codex
514 3683 646 3761 pessime
662 3683 859 3764 interpolatus
882 3683 973 3747 hahet
995 3683 1025 3748 λι
1048 3705 1109 3750 νον
1105 3685 1301 3788 παρέθηκε
1323 3683 1469 3794 γένειον,

325 3767 523 3829 Alexandrini
548 3767 626 3829 illlus
638 3771 747 3871 epigr
770 3769 811 3915 lsg.
837 3767 874 3827 19
903 3773 984 3835 αὶθε
1005 3791 1068 3852 γαρ
1093 3759 1117 3832 ὦ
1141 3791 1310 3851 καυραισιν
1333 3760 1384 3832 ἐπ’
1400 3763 1469 3848 ὅμ
1530 3827 1531 3846 ,

318 3876 418 3934 pinea
442 3845 537 3937 legno
560 3849 736 3934 βαλόντες,
759 3854 796 3918 cl.
816 3853 960 3918 Valcken.
981 3854 1066 3938 Eleg.
1089 3854 1201 3917 Callitm
1223 3855 1347 3934 p.;217
1371 3873 1397 3914 v.
1417 3853 1469 3934 51,
1530 3895 1531 3920 ,

326 3938 363 3999 ad
392 3956 481 4019 quem
514 3945 618 4018 aperte
649 3943 689 4002 ait
718 3941 853 4005 alludere
882 3942 994 4042 Gallim.
1021 3945 1122 4026 hymn.
1144 3938 1212 4001 Cer.
1238 3941 1294 4000 111
1325 3941 1378 4006 καὶ
1402 3965 1469 4005 ταν
1530 3943 1531 3952 ’

326 4026 500 4107 αἴλουρον,
522 4019 727 4128 ιιινὲτρεμε
752 4028 856 4110 θηρία
879 4023 1002 4129 μικκάς
1033 4029 1165 4106 denique
1188 4026 1277 4088 adv.
1301 4026 1359 4088 179
1385 4025 1470 4088 hunc

325 4109 461 4172 eiusdem
483 4115 593 4191 poetae
616 4105 831 4183 cottianae
815 4110 977 4200 κλύχνοιι
997 4128 1075 4180 aloc
1095 4115 1258 4187 ε”λειξιν”
1234 4137 1361 4196 sep-
1385 4129 1469 4193 quae

325 4197 424 4258 omnia
448 4197 596 4259 eiusmodi
617 4201 695 4279 suni,
719 4204 750 4259 ut
773 4199 844 4259 nihil
866 4201 1004 4280 probent.
1048 4199 1139 4262 Multo
1163 4200 1308 4260 maiorem
1332 4199 1469 4280 speciem

235 4305 238 4311 ·
324 4281 495 4344 imitationis
518 4284 608 4346 hahet
631 4299 750 4364 versus,
774 4283 811 4345 eb
834 4283 998 4365 Apollonio
1021 4285 1058 4350 de
1083 4285 1208 4366 Syntaxi
1230 4283 1277 4363 lv,
1304 4285 1331 4348 2
1353 4304 1381 4366 p.
1404 4285 1468 4344 ³08

323 4367 416 4430 Belrk.
437 4369 516 4432 inter
537 4370 715 4435 Homericos
738 4378 878 4434 servatus
904 4373 970 4434 sine
997 4375 1120 4438 nomine
1142 4370 1290 4466 auctoris,
1325 4373 1378 4440 „al
1401 4365 1470 4454 γάρ

323 4451 378 4520 ὅτι
411 4478 597 4536 πρωιιοιον
632 4461 723 4542 ἐμοῖς
757 4463 812 4522 ὲιιι
850 4455 967 4523 δέλτον
1000 4468 1106 4544 teque
1138 4453 1143 4539 Ι
1174 4478 1334 4538 yseram,
1372 4475 1468 4539 quern
