3124 5220
800 375 845 441 56

256 548 350 610 netur
372 565 400 608 v.
423 545 502 624 ²¹¹3
533 543 590 608 sed
611 543 691 607 idem
712 565 740 608 v.
764 548 826 607 228
848 565 899 610 res
922 550 1016 631 gerit,
1050 550 1187 630 quamvis
1206 569 1302 612 uem·
1318 569 1393 613 ver·

255 652 323 696 sum
345 633 425 694 iiium'
447 631 507 694 non
534 631 678 712 habeant,
698 642 838 696 astantem
862 634 910 695 hic
931 643 962 696 ct
982 655 1009 696 v.
1026 637 1090 696 232
1107 637 1239 699 nomine:
1255 637 1295 699 ita
1318 655 1392 716 per-

256 725 363 801 mutet,
395 725 427 780 ut
456 734 522 778 mus
551 733 684 797 murem,
716 737 790 782 runa
813 737 918 780 ranam
947 722 1097 783 occidisse
1114 722 1268 785 uideatur.
1313 721 1392 793 Ouid

255 803 355 866 vero?
398 803 552 864 omnesne
571 802 627 864 hos
646 802 731 865 locos
753 806 941 884 corrigemus
963 813 1067 869 eontra
1088 807 1224 870 ecdicum
1243 809 1391 869 bonorum

256 888 370 951 iidem?
412 890 451 952 m
480 888 555 950 ratio
585 889 650 968 ipsa
671 895 769 956 ,vetat
817 891 864 950 An
881 904 973 953 nero
998 907 1065 954 cum
1093 891 1239 954 Barnesio
1259 892 1392 972 aliisque

255 970 605 1056 dprocr'pro'ncdortusse
622 983 747 1055 propter
761 981 927 1053 egestatem
946 977 1061 1056 ingenii
1078 996 1093 1039 a
1112 985 1202 1058 poeta
1219 976 1305 1038 fictos
1321 993 1393 1039 esse

254 1065 407 1140 putamus,
430 1065 461 1120 ut
484 1059 649 1120 scimusin
671 1063 849 1140 quaestione
870 1061 920 1122 ilia
943 1065 1020 1144 erupi
1049 1063 1280 1142 Πυλαιμένεος
1302 1060 1391 1145 (cont.

255 1145 355 1208 Senot.
369 1145 411 1226 E,
428 1143 500 1226 stu)
521 1143 632 1206 fautum
648 1163 719 1208 esse
740 1165 757 1208 a
776 1145 1197 1227 quibusdamgrummaticisi
1238 1146 1299 1210 Sed
1315 1147 1393 1210 haee

254 1237 356 1292 tamen
378 1232 455 1292 ratio
477 1231 518 1291 ita
538 1229 647 1291 misere
670 1239 725 1313 est,
747 1239 780 1293 ut
802 1250 841 1294 ne
863 1231 893 1293 in
916 1231 1138 1312 trunevquiuem
1159 1230 1246 1293 cadat
1263 1239 1392 1312 poetam,

254 1318 436 1397 praesertim
457 1316 486 1376 in
508 1321 569 1375 tam
591 1316 705 1397 exiguo
727 1317 870 1380 cannrinis
894 1317 1014 1380 ambitu.
1063 1317 1131 1380 Duc
1154 1318 1246 1397 igitur
1266 1325 1392 1398 restant,

256 1401 485 1482 quueeogtturt
499 1402 652 1481 possint,¹
669 1408 702 1464 ut
728 1403 807 1464 hacc
827 1404 1030 1482 repugnantia
1058 1409 1109 1464 aut
1129 1402 1290 1482 posteriori
1312 1410 1392 1464 tenr-

255 1505 330 1567 pore
353 1489 412 1550 sint
434 1487 524 1564 illata,
547 1495 598 1548 aut
618 1496 708 1567 poeta
725 1489 880 1569 scripserit
897 1495 980 1550 certo
997 1487 1128 1568 quodam
1143 1489 1299 1568 proposito
1314 1507 1393 1550 eon-

256 1573 332 1635 silio.
377 1573 458 1646 Onus
481 1572 560 1634 inter
580 1575 714 1650 rationes
736 1573 877 1636 iudicium
898 1574 1001 1654 iacere
1023 1591 1098 1635 sane
1115 1573 1316 1636 dtrttcitttmum
1335 1581 1390 1636 est.

255 1657 332 1729 Quid
351 1658 454 1720 enim‘i
497 1656 745 1725 'iamincondite
761 1661 820 1722 ianr
838 1658 967 1740 antiquis
985 1659 1172 1739 temporibus
1190 1677 1313 1720 carmen
1334 1659 1393 1722 hoe

255 1744 464 1824 interpolatum
484 1743 664 1826 credamus,
684 1753 717 1807 ut
739 1745 989 1827 perturbarentur
1010 1744 1114 1806 omnia·
1133 1745 1254 1824 sibique
1273 1760 1391 1825 repug-

254 1829 384 1891 narent?
427 1829 495 1901 Ouo
520 1829 641 1893 tandem
662 1829 740 1893 itiud
764 1829 919 1892 'consilici-
960 1830 1007 1892 An
1034 1830 1131 1910 ipsum
1158 1837 1282 1910 poetam
1304 1831 1392 1910 quis*

255 1915 322 1994 quis
343 1915 396 1978 iuit
418 1915 528 1976 iusisse
551 1915 731 1980 arbitramur
748 1915 901 1994 animique
919 1914 1060 1995 explendi
1083 1931 1174 1978 eausa
1192 1913 1391 1978 insulsissima

256 2019 396 2081 quaeque
418 2001 619 2088 continuisse,
641 2019 720 2082 qnae
744 2001 821 2064 docti
845 2001 967 2081 Graeci,
989 1999 1306 2080 mutuatantegere
1328 2017 1390 2062 non

253 2085 519 2168 dedignabantur?
562 2085 602 2148 m
625 2101 751 2150 nerem
769 2094 860 2156 totam
879 2093 1070 2168 praematura
1088 2085 1282 2148 testinatione
1297 2103 1392 2166 prae*

253 2171 399 2252 uidemus,
422 2170 532 2234 adsunt
553 2167 695 2234 tortasse·
707 2174 782 2254 alia,
796 2169 798 2176 '
811 2189 890 2252 quac
911 2171 1002 2236 simili
1021 2173 1142 2233 ratione«
1160 2171 1307 2250 impiicata
1331 2171 1392 2234 du·

253 2257 366 2319 bitundi
387 2260 543 2320 materiem
555 2259 735 2338 praebeant.
779 2257 868 2319 Certe
887 2275 947 2320 non
964 2255 1060 2318 sotum
1082 2259 1111 2320 in
1132 2256 1312 2336 nominibus,
1334 2256 1390 2318 sed

254 2343 284 2404 in
306 2343 399 2406 rebus
422 2337 544 2424 quoque
560 2344 780 2426 intercurrunt,
804 2357 892 2423 quae·
905 2345 972 2404 iure
992 2343 1097 2403 mirari
1117 2343 1227 2422 possis
1254 2341 1306 2404 tv.
1328 2343 1391 2400 234

251 2427 395 2492 'in-'codd
415 2431 455 2492 ita
474 2429 585 2510 iegitur
605 2431 791 2512 Hpocorrioc
815 2421 843 2494 df
856 2422 978 2492 ἐπιδών
1001 2421 1104 2498 nudor
1122 2425 1251 2505 εἵλκυσε
1268 2421 1392 2509 νεκρὸν

252 2507 352 2580 ἐόντα
374 2509 439 2580 'Er
464 2516 569 2601 λίμνῃ
597 2510 626 2580 δ’
647 2513 822 2592 ἀπέπνιξε·
836 2505 1005 2595 κρατήσας
1032 2511 1113 2598 χειρὶ
1141 2513 1304 2584 τένοντα,
1339 2511 1392 2573 uiti

254 2617 347 2678 quom
370 2600 528 2662 sutiocetio
554 2601 662 2662 mortui
687 2601 780 2662 muris
803 2599 917 2664 absona
940 2615 1011 2660 csse
1035 2596 1204 2676 videretur,
1235 2595 1392 2658 Ghaiccn·

253 2685 343 2764 dpias
362 2705 390 2748 v.
410 2687 485 2744 v2342
503 2683 606 2748 elausit
620 2680 902 2766 ‚Krrocurimiurgv
924 2681 1015 2764 (quod
1036 2681 1146 2764 Lycius
1171 2682 1328 2762 ceterique
1351 2681 1389 2744 eri

254 2787 346 2834 unum
377 2787 493 2835 omnes·
510 2770 727 2854 retinuerunt);
758 2775 863 2830 contre
893 2786 942 2848 crp
970 2769 1040 2829 ioco
1069 2767 1184 2830 mederi
1209 2767 1392 2829 studuerunt

253 2874 309 2928 pro
332 2854 496 2932 ἀπέπνιξε
517 2855 679 2920 scribendo
703 2851 870 2936 α’πέθηκιτς
892 2861 1053 2934 meumque
1069 2852 1176 2926 falsum
1194 2867 1267 2914 esse
1282 2853 1391 2914 clucet.

255 2941 349 3022 Ouid,
379 2930 460 3021 q‘riod
484 2943 544 3000 249
571 2935 651 3022 παρ’
666 2937 811 3028 ὄχθῃσιν
834 2933 1176 3020 coronare-proelium
1194 2940 1390 3000 ecrmsissum

254 3043 325 3087 esse
346 3027 493 3104 videmus,
515 3043 606 3105 quum
630 3028 695 3089 aitis
717 3026 801 3103 loeis,
823 3029 862 3084 ut
878 3023 950 3105 253,
972 3024 1057 3086 iacus
1075 3023 1181 3106 λίμνη
1200 3025 1389 3103 propinquus

254 3113 292 3174 sit
313 3126 436 3192 pugnae
458 3111 544 3174 iocis.
568 3109 648 3172 'Sed
671 3117 760 3192 poeta
783 3115 815 3170 ut
840 3109 870 3168 in
898 3109 946 3174 iris
965 3110 1068 3173 'rebus
1096 3107 1154 3170 sibi
1181 3124 1242 3169 non
1265 3115 1391 3190 constat,

253 3198 294 3259 ite
310 3199 433 3260 omnino
455 3197 487 3258 in
509 3195 713 3277 descriptione
734 3193 843 3278 proelii
863 3213 931 3263 non,
948 3196 1082 3258 servavit
1097 3194 1216 3255 unitatis
1232 3193 1391 3276 rationem,

253 3282 383 3346 contuse
405 3282 495 3345 muita
520 3284 591 3364 egit,
614 3282 794 3348 obscureet
815 3281 1008 3364 negligenter
1027 3281 1145 3342 locutus
1168 3285 1228 3357 est3
1250 3280 1314 3358 ipsa
1332 3279 1392 3341 de·⁴

253 3367 444 3448 niqueiraec
467 3383 538 3446 pars
560 3370 704 3432 carminis
730 3367 831 3445 magis
853 3369 990 3429 centonis
1018 3364 1172 3428 Homerici
1201 3370 1248 3425 cst
1272 3365 1391 3447 simiiis,

253 3468 343 3533 quam
361 3450 515 3534 parociae,
537 3459 570 3514 ut
592 3452 659 3516 iere
680 3453 747 3516 datu
770 3467 864 3530 opera
886 3469 988 3512 rerum
1010 3451 1128 3513 lucidus
1149 3449 1224 3512 onio
1245 3457 1391 3532 rectaque

254 3539 403 3620 expositio
429 3536 586 3620 repudiata
615 3537 865 3602 essentiarum.-
893 3536 997 3609 ·0nae
1022 3535 1268 3599 omnia'intuens
1291 3554 1391 3616 paene

253 3625 282 3686 in
306 3641 374 3686 eam
397 3623 539 3705 delapsus
561 3640 628 3688 sum
650 3624 844 3706 sententiam,
879 3629 915 3692 ut
936 3621 1181 3686 atttrrtdendum
1204 3621 1302 3702 ipsum
1325 3621 1392 3684 ido-

253 3727 370 3772 merum
400 3729 437 3772 ea
467 3709 565 3772 efficta
596 3727 666 3773 csse
695 3717 868 3779 statuerem.
895 3706 997 3770 ¹Nam
1026 3725 1118 3788 quum
1146 3725 1206 3768 uon
1233 3725 1330 3786 pauca
1354 3707 1390 3768 vitt

253 3793 345 3857 itiade
366 3795 526 3875 tegantur,
546 3789 632 3876 'quae‘
654 3798 712 3858 iem
734 3795 895 3880 veteribus·
911 3791 1115 3874 grummaticis
1138 3809 1205 3854 cum
1229 3793 1293 3854 otiis
1316 3793 1391 3854 iocis

252 3897 392 3962 pugnare
413 3879 611 3962 videbantur,
631 3882 731 3944 *ita-ut
754 3881 833 3942 tane
852 3880 916 3962 ipsa
938 3897 1044 3944 ansam
1068 3877 1175 3941 darent
1197 3877 1234 3939 ad
1257 3877 1390 3940 criticam

253 3967 302 4028 vei
323 3975 402 4028 ..ante
429 3965 681 4029 Ptolemaeorum·
697 3959 836 4031 aetatem·
854 3963 1060 4045 factitandum,
1094 3981 1155 4024 non
1182 3963 1277 4042 longe
1304 3963 1392 4026 abest

253 4053 399 4133 suspicio,
424 4053 731 4132 quingrammaticus
754 4052 875 4131 aliquis,
901 4055 952 4132 qui
974 4051 1053 4114 stetit
1075 4067 1092 4111 a
1114 4049 1257 4131 partibus·
1272 4052 1392 4112 irrore-

253 4139 370 4212 aanor,
390 4137 466 4199 haec
488 4140 701 4218 interposuerit
714 4139 761 4200 'ad
783 4138 981 4201 cavillandum
1004 4141 1178 4199 ceterorum
1198 4134 1390 4214 superstitio·

253 4239 317 4283 sum
341 4220 440 4284 iidem.
484 4222 558 4284 Nam
581 4226 678 4309 ipsum
701 4219 839 4304 poetam,
858 4238 949 4302 quem
973 4230 1043 4286 ante
1061 4229 1200 4301 tempora
1222 4218 1392 4280 Antimactri

251 4306 396 4371 duruisse
418 4307 562 4390 diximus,
585 4310 746 4391 quominus
768 4308 828 4370 tate
850 4309 920 4388 quid
945 4309 1076 4372 molitum
1100 4305 1293 4384 arbitremur,
1315 4321 1392 4385 pro-

253 4395 356 4456 tiitrent
384 4392 528 4456 carminis
557 4403 663 4458 natura
691 4403 725 4457 et
755 4392 870 4456 ruditas
900 4402 1016 4478 poetae.
1060 4393 1099 4454 Ut
1119 4390 1204 4452 brevi
1226 4389 1391 4472 abscitum,

255 4479 335 4561 quod
357 4480 480 4562 longior
501 4480 566 4546 dies
588 4483 700 4546 melius
718 4479 880 4563 aliquando
902 4481 1036 4562 docebit,
1067 4475 1214 4543 sententia
1241 4491 1279 4537 eo
1301 4475 1391 4540 inctiss
