3124 5220
146 481 425 566 chocndrdccac.
470 481 578 548 Omisit
603 503 650 547 vv.
674 483 838 566 251-11,
870 485 939 564 quia
965 500 1069 548 voram
1098 487 1278 550 1111111111

143 570 409 635 restituturumse
433 569 622 652 desperavit3
644 579 749 633 contra
770 587 851 636 nove
872 587 998 650 prorsus
1020 579 1052 634 et
1072 572 1280 637 naloGrneon

141 655 228 718 linxit
244 657 305 716 262
319 674 385 737 sqq.
428 655 489 718 llas
512 656 743 738 discrepantias,
766 675 891 737 querum
915 673 1075 720 numerum
1098 657 1187 720 facile
1208 657 1279 718 fue·

140 744 181 803 rit
203 759 320 823 augere
340 740 407 822 ised
430 743 580 824 omittam,
614 763 692 823 quae
715 751 784 806 sunt
806 743 930 806 minoris
953 741 1124 826 momenti),
1159 745 1185 804 si
1210 743 1279 824 quis

142 835 242 890 tamen
265 846 283 890 e
306 828 454 908 singulari
478 828 607 909 quodam
632 830 737 892 codice
758 829 914 910 prolectas
932 847 1007 893 esse
1027 828 1199 910 contendat,
1221 847 1281 908 po-

142 916 238 976 tuisse
255 915 283 976 id
306 915 427 994 quidem
450 913 516 976 lieri
534 916 591 976 etsi
613 931 673 978 non
696 915 869 996 praefracte
885 933 1043 998 negamus,
1065 924 1167 978 mntem
1183 916 1281 995 ipsum

142 999 225 1061 illum
248 1001 383 1062 codicem
406 1001 617 1082 interpolatum
640 1001 736 1063 fuisse
754 1002 972 1082 judicabimus,
998 1009 1028 1064 ut
1052 1002 1124 1064 nibil
1147 1002 1208 1062 hoc
1230 1019 1283 1062 or·

141 1085 234 1148 tilicio
257 1086 389 1149 lucrntos
410 1103 482 1148 esse
505 1104 560 1148 nos
584 1086 786 1149 confitendum
809 1089 856 1149 sit
900 1086 976 1148 Nam
997 1088 1070 1150 titud
1089 1104 1130 1150 ox
1148 1086 1212 1148 aliis
1231 1085 1281 1146 lo·

142 1173 195 1232 cis¹
209 1173 281 1236 satis
303 1180 402 1253 potest
424 1177 507 1235 certe
530 1172 751 1250 demonstrari,
782 1191 855 1235 eum
878 1173 1032 1254 codicem,
1065 1192 1105 1234 ex
1128 1186 1189 1252 quo
1211 1171 1282 1232 Flo-

142 1260 262 1320 rentina
284 1275 430 1338 expressa
453 1267 514 1339 est,
538 1266 675 1340 ceteros,
702 1260 752 1338 qui
774 1258 864 1321 bodie
887 1257 925 1320 ad
949 1277 1036 1324 usum
1060 1259 1149 1322 nobis
1170 1275 1282 1338 super-

142 1351 226 1424 sunt,
250 1362 352 1425 nequo
376 1351 474 1408 aetate
497 1363 598 1425 neque
622 1344 765 1425 dignitate
788 1361 945 1426 superare.

230 1430 270 1491 At
291 1449 366 1493 sane
389 1432 513 1494 miretur
536 1431 653 1512 aliquis,
677 1431 747 1511 quid
771 1433 816 1510 sit,
840 1431 921 1511 quod
939 1429 1052 1492 tamdiu
1072 1436 1207 1490 moratus
1225 1429 1281 1488 sim

141 1515 173 1576 in
196 1515 243 1578 bis
267 1517 395 1579 uetustis
418 1517 501 1578 libris
524 1517 743 1598 describendis,
767 1535 842 1596 quos
859 1535 941 1578 nunc
957 1516 1095 1596 plerique
1117 1528 1178 1576 non
1195 1512 1283 1575 ilocci

142 1620 179 1662 ac
201 1602 307 1663 merito
331 1601 451 1682 quidem
472 1602 575 1664 lacere
597 1602 729 1680 soleant,
752 1603 806 1664 sed
829 1602 986 1664 sciendum
1008 1608 1055 1663 est
1076 1618 1131 1664 eos
1154 1599 1282 1662 antehac

142 1687 236 1768 longe
266 1687 385 1768 plorimi
416 1703 486 1750 csse
516 1688 699 1751 aestimatos.
748 1688 841 1750 Tanta
871 1690 951 1750 enim
981 1688 1087 1750 barum
1118 1685 1283 1750 editionum

143 1791 204 1834 non
226 1773 323 1835 solum
347 1775 405 1835 illis
426 1774 627 1854 temporibus,
659 1774 713 1835 sod
735 1793 834 1854 paene
856 1775 895 1836 ad
917 1782 1052 1837 nostram
1076 1789 1174 1852 usqne
1195 1779 1283 1834 aete·-

141 1866 202 1920 tem
225 1860 307 1921 stetit
329 1860 506 1940 auctoritas,
532 1867 562 1922 ut
586 1861 615 1920 in
640 1859 781 1922 omnibus
804 1879 883 1940 quae
907 1859 1005 1922 adbuc
1027 1865 1148 1921 exstant
1171 1857 1283 1918 editio-

30 1967 34 1974 ·
143 1945 246 2024 nibus,
269 1947 295 2007 si
317 1944 384 2008 dico
406 1947 574 2026 minimum,
597 1962 653 2026 pro
678 1945 872 2008 fundamento
896 1946 983 2026 qnasi
1005 1942 1182 2006 exstruendi
1207 1961 1282 2004 vcc-

143 2031 249 2093 bcrum
269 2037 428 2094 contextus
452 2039 565 2095 essent.
609 2031 644 2093 Et
668 2032 854 2112 antiquiores
878 2033 999 2112 quidem
1023 2031 1174 2093 editiones
1194 2028 1283 2090 Basi-

142 2116 279 2197 leenses,
310 2116 525 2198 dodonienses,
552 2117 721 2197 Parisinus,
750 2118 841 2198 alias,
874 2135 950 2198 quas
972 2119 1080 2196 partim
1102 2117 1168 2194 ipse
1191 2129 1283 2176 manu

142 2201 272 2281 versavi,
296 2204 402 2282 partim
425 2221 466 2264 ex
488 2203 584 2264 Alteri
605 2209 637 2263 ct
656 2202 809 2264 llaittcirii
831 2203 992 2281 annotatis,
1016 2200 1096 2280 quod
1116 2203 1188 2262 sads
1209 2207 1283 2279 erat,

143 2289 284 2368 cognovi,
306 2307 405 2369 paene
425 2289 499 2368 ipsis
521 2307 590 2351 cum
613 2289 769 2350 erroribus
791 2286 1013 2368 typothetarum
1028 2285 1191 2363 ,vulgatum
1213 2285 1284 2348 Flo—

142 2376 281 2436 rentinae
303 2381 416 2436 textum
441 2391 511 2434 esse
534 2375 661 2435 imitatas
685 2372 842 2435 codicibus
865 2373 953 2441 nullis
975 2372 1128 2452 adhibitis,
1151 2387 1213 2432 non
1236 2379 1283 2442 ost

143 2462 261 2539 mirum,
284 2459 311 2522 si
334 2461 401 2539 quis
424 2459 545 2521 illoram
568 2464 737 2538 temporum
755 2458 945 2521 conditiones
965 2459 1143 2538 pempcmas
1163 2455 1282 2518 habeat

143 2545 343 2612 Paucissimss
364 2563 440 2608 vero
463 2545 529 2608 illas
552 2545 733 2607 mutationes
756 2545 931 2625 ueletiam,
958 2545 986 2604 si
1012 2543 1076 2614 lons
1100 2542 1180 2622 tulit,
1210 2560 1284 2604 cor-

142 2632 295 2694 rectiones
322 2648 403 2694 nunc
430 2631 501 2712 nihil
525 2631 654 2694 interest
676 2637 782 2694 nostra
804 2637 836 2693 ut
859 2630 1031 2694 accuratius
1053 2645 1283 2706 enumeremnsc

140 2718 171 2778 in
194 2717 388 2797 gravioribus
410 2724 511 2780 autem
533 2717 626 2779 rebus
651 2718 692 2780 ita
719 2724 844 2781 tenaces
871 2717 1005 2780 editores
1028 2721 1116 2778 eram
1138 2715 1281 2793 vulgatae

142 2803 290 2883 lectionis,
313 2809 344 2866 ut
367 2803 484 2865 etiamsi
505 2802 613 2865 melios
634 2802 706 2882 qntd
724 2803 873 2884 prchtum
895 2822 913 2866 a
934 2801 1119 2880 doclt‘oribns
1136 2807 1212 2882 erat,
1234 2807 1284 2862 tn-

143 2891 193 2952 citi
214 2895 444 2952 centemnerent
463 2889 513 2952 vel
533 2895 619 2952 corte
642 2895 759 2952 mutare
780 2887 854 2952 nihil
876 2888 1035 2952 audoeent.
1080 2885 1149 2967 lpse
1163 2886 1199 2949 ll.
1212 2885 1284 2949 Ste-

142 2975 262 3056 plranns
284 2975 316 3036 in
337 2974 499 3056 Epicorum
522 2974 709 3040 Graecorum
730 2987 862 3057 conpore
889 2975 969 3036 1111
990 2974 1147 3038 *lectiones
1171 2973 1285 3054 adauct

142 3062 244 3124 varim
267 3063 517 3143 annotavit„non
539 3064 717 3126 aestimavit.
979 3112 983 3120 .

227 3145 289 3210 Sed
311 3149 438 3229 primus,
461 3148 512 3228 qui
534 3147 632 3210 lacem
654 3149 785 3224 criticen,
805 3153 837 3208 ut
858 3147 900 3206 ito
913 3145 1031 3221 dican,
1048 3143 1215 3206 admonere
1234 3145 1284 3204 vi-

143 3250 196 3296 sus
218 3240 265 3296 est
287 3233 362 3296 huic
379 3234 513 3313 carmini,
536 3231 700 3294 Bernesius
724 3230 779 3293 luit
792 3229 835 3291 in
853 3230 1038 3299 recensione
1052 3229 1182 3292 Homeri
1199 3227 1284 3291 Con·

142 3319 218 3382 tcbr.
243 3318 339 3398 1711,
370 3319 422 3399 gni
449 3335 559 3400 magna
575 3318 745 3380 instructus
767 3316 938 3382 crudidcnc
963 3317 1118 3397 triumque
1144 3315 1284 3380 codicum

143 3423 203 3486 opo
230 3404 350 3468 adiutos
374 3413 477 3467 tamen
505 3405 578 3466 nintt
607 3403 673 3466 lere
699 3402 845 3486 profecit,
867 3403 939 3465 nisi
962 3407 993 3464 ut
1015 3403 1114 3466 locum
1137 3419 1231 3466 mom
1254 3409 1284 3464 ot

144 3491 271 3554 alterum
294 3509 334 3554 en
354 3491 492 3556 codicum
515 3492 692 3554 auctoritate
711 3496 856 3570 mmmm,
879 3490 1064 3568 coniecturis
1086 3495 1186 3550 eutem
1208 3489 1283 3566 suis,

143 3579 175 3640 in
198 3578 306 3658 quibus
330 3580 474 3640 maiorem
497 3577 625 3656 gloriani
648 3577 760 3658 posuit,
785 3593 909 3638 carmen
931 3575 1038 3655 paucis
1058 3574 1134 3636 locis
1157 3573 1286 3636 feliciter

144 3664 330 3745 emendaret,
351 3665 487 3745 pluribus
510 3669 700 3745 perverteret
722 3663 939 3743 potiusquam
962 3656 1181 3743 restitueret*)n
1225 3659 1284 3722 Sed

144 3769 234 3831 quam
257 3750 306 3814 ille
329 3751 399 3814 licet
422 3767 572 3832 perverse
595 3751 765 3812 instituerat
788 3749 1046 3828 emendationem,
1069 3765 1135 3810 eam
1159 3762 1284 3827 prorsus

144 3836 279 3916 neglexit
310 3839 363 3917 qul
390 3837 471 3900 hunc
498 3836 636 3918 proximo
665 3836 803 3917 sequitur
828 3835 918 3898 blich.
941 3834 1089 3897 Maittaire
1110 3829 1285 3914 (cd.·Lond.

146 3922 237 3983 1721.
262 3922 307 4007 8),
343 3926 390 3987 vir
410 3923 642 3992 accuratissima
663 3922 834 4004 diligentia,
862 3923 893 3983 in
916 3921 1010 3984 rebus
1028 3917 1157 3998 antiquis
1181 3917 1285 3978 curte

145 4026 208 4091 sus,
231 4013 282 4088 qni
302 4019 371 4089 post
391 4011 513 4090 integra
536 4011 632 4074 verba
657 4016 686 4072 et
704 4007 838 4072 Venetae
862 4015 891 4071 et
911 4008 1101 4071 Florentium
1123 4003 1286 4065 editionum

142 4095 292 4158 lectiones
315 4113 354 4156 ex
376 4098 588 4179 complicibus.
605 4094 759 4160 codicibus
783 4096 820 4160 ab
848 4096 914 4176 ipso
937 4093 1052 4157 collutis
1076 4098 1180 4155 auctas
1203 4091 1284 4152 ossi-

144 4233 430 4244 οι--η-...μ-..α--η

215 4310 235 4378 ‘l
257 4308 408 4365 Notandum
427 4312 504 4366 etiam
526 4313 644 4376 ridetur,
675 4311 747 4384 quod
768 4305 904 4364 Cloelium
933 4304 1050 4378 decepit,
1079 4305 1130 4358 boc
1150 4303 1285 4385 signo'yn.

144 4382 171 4435 in
191 4381 261 4435 notis
281 4384 368 4451 posito
390 4383 469 4437 modo
496 4385 638 4438 lectionem
666 4383 789 4436 codicum
816 4379 857 4433 rel
883 4377 1030 4432 editionum
1049 4375 1162 4431 indicari
1182 4374 1287 4443 [rocen-

145 4453 214 4523 ται),
242 4454 323 4508 modo
343 4457 525 4511 coniecturam
545 4455 701 4526 (γραπτέον).

958 4545 1004 4610 1111
