3124 5220
297 427 451 514 βάλανος
479 421 502 509 ἦ
530 419 599 492 dud
626 422 688 488 τοῦ
714 423 878 506 φοίνικος.
933 425 1044 488 Contra
1076 424 1234 506 praeclara
1266 425 1442 491 emendatio

299 523 454 598 comparet
476 531 504 574 v.
527 512 568 574 92
591 505 722 574 dcccco
745 529 800 590 pro
823 507 943 585 ὕδασι,
974 509 1055 593 quod
1079 529 1167 591 quam
1190 511 1366 590 languidum
1390 516 1443 595 sit,

298 621 390 666 uerno
417 618 479 677 non
507 598 612 672 sentit3
646 595 715 658 vide
737 597 849 659 similes
871 595 958 660 locos
980 595 1086 659 Callini
1109 597 1188 678 eleg.
1214 596 1250 656 1⁵
1275 588 1443 678 ducator}-

299 712 386 754 σκων
407 677 521 756 ὕπατ’
535 677 741 748 diocesaraea
763 690 793 746 ei
814 682 925 746 Aeseh.
948 681 1006 763 Ag.
1030 683 1123 746 142⁰.
1138 717 1180 728 -
1211 681 1335 744 Mutatio
1358 685 1443 745 scri—

300 783 407 855 pturae
431 771 567 834 codicum
591 767 674 830 clare
696 769 864 832 ostenditur
885 787 914 833 v.
934 769 984 850 98,
1006 769 1058 832 ubi
1080 785 1188 831 versus
1211 767 1287 830 duos
1309 787 1326 830 a
1349 769 1444 832 codi-

301 861 386 922 cibus
408 865 553 936 corrupte
574 852 699 916 traditus
723 856 752 914 in
774 872 918 918 numeros
941 857 1102 918 restituere
1123 861 1249 916 conatus
1265 861 1327 932 est;
1349 859 1443 917 etiam

301 966 330 1008 v.
356 945 414 1004 tao
446 943 609 1022 singularis
637 957 781 1002 numerus
805 935 955 1026 εὐμήκης
976 935 1103 1022 βελόνη
1124 940 1280 1002 codicibus
1303 943 1355 1002 niti
1377 959 1442 1004 non

300 1031 429 1109 videtur,
453 1044 554 1109 neque
579 1043 655 1107 opus
678 1032 724 1088 est
745 1025 802 1089 bac
824 1025 1036 1088 emendatione
1054 1033 1179 1106 propter
1197 1041 1331 1106 sequens
1350 1049 1443 1107 ocy-

299 1112 442 1202 χάλκεον
464 1111 574 1195 ἔργων.
587 1147 629 1158 -
651 1110 735 1173 Haec
755 1113 856 1192 igitur,
879 1131 958 1191 quae
975 1111 1085 1193 Lycius
1109 1113 1255 1192 praestitit
1276 1111 1346 1174 huic
1369 1130 1444 1173 car-

302 1203 392 1282 mini,
423 1197 591 1262 cuiusmodi
613 1200 688 1276 sint,
716 1198 746 1258 iu
770 1205 875 1278 aperto
897 1206 958 1275 est;
993 1199 1112 1276 exiguis
1134 1199 1297 1260 instructus
1322 1199 1443 1260 auxiliis

303 1304 428 1348 carmen
449 1284 600 1347 nonnullis
623 1282 762 1345 versibus
784 1287 877 1365 auxit,
899 1285 990 1346 multa
1011 1285 1079 1347 loca
1103 1302 1142 1346 cx
1164 1283 1319 1346 codicibus
1341 1291 1445 1346 muta-

305 1375 361 1454 rit,
394 1371 450 1434 sed
480 1371 559 1433 nulla
589 1377 673 1432 certa
701 1371 809 1448 regula
837 1370 987 1447 adhibita;
1017 1373 1107 1432 immo
1130 1369 1318 1432 difficultates
1342 1371 1443 1449 potius

303 1460 386 1534 texit,
409 1473 499 1537 quam
516 1458 644 1537 aperuit,
668 1472 769 1535 neque
785 1458 882 1537 magis
899 1456 1052 1537 intellexit,
1076 1473 1155 1535 quoe
1175 1458 1328 1534 deessent,
1351 1454 1444 1536 quarn

305 1561 385 1624 quae
406 1549 613 1623 superessent
657 1539 716 1603 Sed
743 1539 823 1604 lama
845 1541 894 1604 illa
916 1543 1026 1604 vetusti
1056 1541 1170 1603 codicis
1196 1539 1336 1606 Ernestio
1363 1560 1444 1622 quo-

304 1648 366 1710 que
384 1629 425 1690 ita
447 1629 599 1708 imposuit,
621 1635 653 1690 ut
670 1627 754 1708 Lycii
775 1631 989 1690 recensionem
1012 1627 1078 1688 fere
1100 1629 1250 1706 integram
1272 1629 1302 1687 in
1320 1625 1446 1688 Homeri

304 1714 437 1778 editione
459 1721 623 1795 repeteret,
645 1715 750 1794 paucis
766 1712 843 1776 loeis
858 1713 1048 1792 suspiciones
1064 1712 1197 1774 melioris
1215 1712 1352 1775 lectionis
1368 1731 1446 1793 pro·

304 1801 416 1876 ferret3
446 1799 570 1862 omnino
600 1800 626 1861 is
656 1817 722 1860 rem
747 1797 839 1862 multo
861 1801 1000 1861 securius
1022 1799 1177 1879 tractavit,
1211 1816 1301 1878 quam
1323 1805 1355 1860 ut
1376 1801 1445 1860 iure

308 1887 366 1962 „ad
387 1885 478 1948 fidem
500 1893 639 1950 veterum
660 1885 836 1966 librorum,“
861 1884 942 1965 quod
963 1886 993 1945 in
1015 1884 1104 1946 titulo
1125 1883 1298 1965 profitetur,
1320 1903 1445 1947 carmen

304 1972 501 2034 recensuisse
526 1978 631 2049 posset
653 1969 760 2031 rideri.

391 2055 575 2118 Dissimilem
608 2055 647 2117 ab
678 2054 737 2116 hac
770 2060 800 2114 et
833 2052 931 2116 multis
964 2055 995 2115 iu
1026 2053 1120 2116 rebus
1152 2054 1322 2136 politiorem
1354 2056 1448 2120 habet

306 2148 461 2224 aspectum
483 2141 561 2206 liban
581 2139 706 2223 llgenii,
739 2139 796 2202 viri
821 2141 1088 2221 praestantissimi,
1123 2143 1174 2221 qui
1202 2141 1233 2202 in
1258 2141 1447 2223 Hyrnnorurn

306 2228 393 2292 liora.
425 2228 558 2292 editione
592 2227 673 2288 trau
705 2229 794 2290 etiarn
824 2225 894 2288 huic
923 2227 1048 2288 carmini
1076 2243 1201 2304 operam
1223 2229 1344 2290 navavit
1366 2231 1448 2291 assi-

307 2315 406 2376 duam.
449 2313 478 2374 la
509 2315 589 2374 enim
610 2311 804 2375 Barncsianis
835 2309 990 2372 codicibus
1014 2315 1044 2370 et
1065 2309 1349 2375 vindobonensibus
1372 2332 1449 2377 usus

307 2401 453 2482 Lyciiquc
473 2397 608 2462 consulta
630 2397 763 2460 editione
785 2395 989 2476 compluribus
1011 2395 1086 2458 locis
1106 2398 1258 2476 volgatam
1281 2401 1397 2480 expulit
1417 2409 1449 2463 et

309 2493 414 2564 aperta
436 2485 546 2546 menda
569 2485 717 2562 correxil3
738 2480 794 2548 aed
818 2481 896 2544 idem
920 2499 1013 2562 quum
1034 2489 1064 2542 et
1083 2483 1206 2562 saepius
1223 2499 1286 2544 non
1305 2487 1377 2548 satis
1392 2505 1449 2549 ac-

308 2575 412 2632 curate
438 2567 477 2628 de
500 2569 639 2629 codicum
663 2570 793 2632 lectione
823 2565 970 2630 rettulerit
996 2561 1034 2646 (id
1058 2566 1138 2646 quod
1163 2583 1289 2651 moneo,
1314 2575 1447 2653 nequis

310 2661 359 2716 aut
383 2651 479 2734 decipi
502 2669 538 2716 sc
557 2653 688 2732 patiatur
710 2661 762 2714 aut
785 2669 832 2713 ma
855 2653 953 2731 ipsum
974 2661 1123 2732 coarguat
1145 2652 1378 2739 negligentiae),
1407 2665 1447 2738 et,

309 2739 391 2822 quod
413 2740 509 2804 maius
531 2745 592 2821 est,
617 2739 717 2801 minus
737 2743 854 2800 rectum
876 2736 915 2799 de
939 2739 1116 2803 auctoritate
1139 2739 1284 2803 librorum
1308 2740 1448 2806 habuerit

305 2827 469 2906 judicium,
492 2825 602 2887 facturn
624 2831 687 2910 est,
707 2832 741 2890 ut
764 2823 854 2887 multa
876 2825 1081 2906 praeterierit,
1105 2843 1184 2906 quae
1207 2827 1367 2909 corrigere
1387 2847 1449 2910 po-

309 2917 424 2992 tuerat,
463 2911 606 2974 nonnulla
637 2915 666 2974 in
695 2913 783 2992 peius
812 2911 972 2973 motaverit
999 2909 1129 2991 plusque
1157 2911 1236 2974 iusto
1263 2915 1447 2978 coniecturis

309 2996 402 3058 multo
436 2996 648 3058 audacioribus
678 2996 832 3077 tribuerit,
867 2997 976 3076 quibus
1008 2997 1174 3078 interdum,
1209 3016 1288 3078 quae
1321 3003 1448 3082 egregie

310 3082 492 3144 emendasse
516 3081 573 3150 sibi
596 3084 679 3144 uisus
705 3089 767 3162 est,
801 3099 837 3145 ea
862 3101 989 3164 prorsus
1013 3082 1166 3147 intellectu
1192 3083 1323 3147 destituit
1348 3085 1385 3168 (v.
1411 3089 1448 3150 ad

310 3188 339 3230 v.
365 3168 434 3230 129.
458 3168 529 3228 215.
549 3167 620 3230 221.
645 3168 704 3228 25¹¹
729 3171 795 3234 eius
819 3168 909 3253 edit).
951 3172 1052 3252 Atque
1074 3187 1133 3252 ego
1156 3170 1234 3233 baec
1254 3172 1365 3234 invitus
1388 3170 1448 3235 dixi

311 3255 351 3316 de
373 3255 437 3316 viro
460 3255 570 3334 optime
598 3256 722 3331 merit0;
755 3256 811 3317 sed
838 3275 951 3318 cavero
978 3257 1075 3337 volui,
1110 3275 1149 3319 ne
1178 3259 1245 3336 quis
1274 3257 1353 3340 apud
1380 3276 1449 3320 eum

311 3339 405 3401 verba
426 3341 582 3420 scriptoris
606 3347 733 3421 quaerat
756 3340 849 3420 longo
872 3356 967 3420 saepe
989 3341 1147 3404 intervallo
1171 3342 1208 3403 ab
1232 3342 1298 3404 cius
1321 3344 1450 3406 lectione

310 3427 454 3488 distantia.

312 3566 316 3573 .
397 3510 464 3574 Nou
486 3511 578 3574 multo
600 3518 669 3594 post
689 3510 799 3592 prodiit
819 3511 855 3574 A.
868 3511 1018 3575 lllattbiaei
1031 3510 1217 3594 llyrnnorum
1236 3511 1338 3595 editio,
1361 3534 1450 3596 quern
1553 3567 1554 3596 ,

312 3598 421 3659 librum
452 3601 502 3678 qui
533 3599 718 3678 inspexerit,
752 3598 885 3661 laudabit
912 3599 1042 3662 fortasse
1070 3598 1263 3690 farraginem⁸
1289 3599 1450 3664 lactionum

313 3682 447 3763 undique
470 3681 644 3762 collectam
667 3684 722 3746 sed
747 3717 787 3728 -
807 3684 967 3748 dicendum
990 3685 1070 3746 anim
1092 3692 1147 3766 eat,
1170 3684 1251 3764 quod
1273 3689 1368 3749 taceri
1390 3705 1450 3751 non

315 3771 402 3832 decet
422 3803 463 3818 -·
487 3775 568 3832 tanta
590 3785 665 3832 usus
689 3777 736 3832 est
757 3772 804 3832 vir
825 3773 855 3832 in
877 3770 984 3833 litteris
1007 3770 1138 3833 ruaxirne
1159 3768 1328 3834 laudandus
1350 3775 1451 3855 negli-

316 3857 418 3934 gentia
448 3857 478 3916 in
506 3856 652 3916 varietate
680 3854 819 3918 lectionis
852 3859 1039 3937 annotanda,
1074 3863 1106 3918 ut
1129 3864 1270 3919 accurata
1293 3865 1453 3938 quaerenti

315 3941 387 4003 nulli
408 3945 504 4022 possit
526 3957 595 4004 esse
617 3940 829 4004 emolumento.
874 3942 982 4004 Critiae
1005 3960 1081 4004 vero
1104 3944 1170 4004 eius
1191 3944 1267 4007 ratio
1289 3963 1326 4006 ea
1344 3952 1398 4028 est,
1421 3956 1453 4010 ut

315 4025 398 4088 nullo
420 4029 500 4089 inter
522 4027 741 4091 diversissimos
765 4027 888 4091 codices
911 4029 991 4091 lacto
1014 4028 1186 4092 discrimine
1208 4037 1270 4092 turn
1293 4047 1452 4095 numerum

316 4112 462 4173 librorum
485 4121 638 4193 sequatur,
659 4121 723 4175 tuor
736 4115 857 4194 priores
874 4114 1023 4193 aditores3
1044 4114 1075 4176 in
1093 4115 1174 4188 locis
1190 4114 1369 4180 dillloillimis
1386 4119 1453 4198 ple-

317 4215 445 4277 rumque
463 4197 605 4276 vulgatae
619 4199 740 4262 lectioni
753 4199 932 4280 obsequitur
950 4199 1051 4281 „quod
1065 4202 1243 4265 tutissimum
1261 4203 1357 4265 visum
1369 4209 1452 4282 'est1‘3
1553 4229 1554 4266 τ

317 4283 491 4346 coniectura
513 4301 640 4362 prorsus
663 4283 820 4354 abstinuit..

402 4367 490 4430 llunc
511 4368 603 4450 lunge
626 4373 792 4455 superarit,
814 4377 845 4435 ut
866 4389 921 4454 par
943 4377 1005 4453 est,
1025 4370 1055 4433 ll.
1076 4371 1114 4435 Α.
1135 4371 1277 4455 Wolfius,
1299 4374 1347 4436 vir
1368 4391 1453 4438 suur-
