<?xml version="1.0" encoding="UTF-8"?>
<!DOCTYPE html PUBLIC "-//W3C//DTD XHTML 1.0 Transitional//EN"
    "http://www.w3.org/TR/xhtml1/DTD/xhtml1-transitional.dtd">
<html xmlns="http://www.w3.org/1999/xhtml" xml:lang="en" lang="en">
 <head>
  <title>
</title>
<meta http-equiv="Content-Type" content="text/html;charset=utf-8" />
  <meta name='ocr-system' content='tesseract 3.04.00' />
  <meta name='ocr-capabilities' content='ocr_page ocr_carea ocr_par ocr_line ocrx_word'/>
</head>
<body>
  <div class='ocr_page' id='page_1' title='image "./prolegomenacrit00baumgoog/prolegomenacrit00baumgoog_0043.png"; bbox 0 0 3124 5220; ppageno 0'>
   <div class='ocr_carea' id='block_1_1' title="bbox 262 461 1407 803">
    <p class='ocr_par' dir='ltr' id='par_1_1' title="bbox 262 461 1407 803">
     <span class='ocr_line' id='line_1_1' title="bbox 262 461 1402 545; baseline -0.004 -19"><span class='ocrx_word' id='word_1_1' title='bbox 262 463 468 544; x_wconf 76' lang='lat' dir='ltr'><strong>instabilem,</strong></span> <span class='ocrx_word' id='word_1_2' title='bbox 492 471 563 526; x_wconf 90' lang='lat' dir='ltr'><strong>ante</strong></span> <span class='ocrx_word' id='word_1_3' title='bbox 583 481 612 526; x_wconf 88' lang='lat' dir='ltr'><strong>v.</strong></span> <span class='ocrx_word' id='word_1_4' title='bbox 629 463 691 522; x_wconf 78' lang='lat' dir='ltr'><strong>etr</strong></span> <span class='ocrx_word' id='word_1_5' title='bbox 715 461 814 545; x_wconf 88' lang='lat' dir='ltr'><strong>aliqua</strong></span> <span class='ocrx_word' id='word_1_6' title='bbox 841 461 1002 525; x_wconf 79' lang='lat' dir='ltr'><strong>excidisse.</strong></span> <span class='ocrx_word' id='word_1_7' title='bbox 1017 495 1058 510; x_wconf 89' lang='lat'>-</span> <span class='ocrx_word' id='word_1_8' title='bbox 1083 462 1223 543; x_wconf 88' lang='lat' dir='ltr'><strong>Denique</strong></span> <span class='ocrx_word' id='word_1_9' title='bbox 1246 467 1316 524; x_wconf 90' lang='lat' dir='ltr'><strong>ante</strong></span> <span class='ocrx_word' id='word_1_10' title='bbox 1340 462 1402 522; x_wconf 81' lang='grc'><strong>270</strong></span> 
     </span>
     <span class='ocr_line' id='line_1_2' title="bbox 264 547 1407 629; baseline -0.001 -17"><span class='ocrx_word' id='word_1_11' title='bbox 264 567 319 612; x_wconf 91' lang='lat' dir='ltr'><strong>cur</strong></span> <span class='ocrx_word' id='word_1_12' title='bbox 343 547 471 613; x_wconf 85' lang='lat' dir='ltr'><strong>Wollrus</strong></span> <span class='ocrx_word' id='word_1_13' title='bbox 493 567 616 612; x_wconf 89' lang='lat' dir='ltr'><strong>versum</strong></span> <span class='ocrx_word' id='word_1_14' title='bbox 639 549 748 612; x_wconf 83' lang='lat' dir='ltr'><strong>deesse</strong></span> <span class='ocrx_word' id='word_1_15' title='bbox 770 550 1002 624; x_wconf 76' lang='lat' dir='ltr'><strong>existimaverit,</strong></span> <span class='ocrx_word' id='word_1_16' title='bbox 1031 549 1122 629; x_wconf 87' lang='lat' dir='ltr'><strong>plane</strong></span> <span class='ocrx_word' id='word_1_17' title='bbox 1144 567 1203 611; x_wconf 94' lang='lat' dir='ltr'><strong>non</strong></span> <span class='ocrx_word' id='word_1_18' title='bbox 1228 549 1334 626; x_wconf 79' lang='lat' dir='ltr'><strong>vide03</strong></span> <span class='ocrx_word' id='word_1_19' title='bbox 1366 549 1407 611; x_wconf 88' lang='lat' dir='ltr'><strong>il-</strong></span> 
     </span>
     <span class='ocr_line' id='line_1_3' title="bbox 263 629 1406 716; baseline -0.002 -19"><span class='ocrx_word' id='word_1_20' title='bbox 263 635 315 697; x_wconf 92' lang='lat' dir='ltr'><strong>lud</strong></span> <span class='ocrx_word' id='word_1_21' title='bbox 339 637 418 697; x_wconf 86' lang='lat' dir='ltr'><strong>enirn</strong></span> <span class='ocrx_word' id='word_1_22' title='bbox 442 633 493 700; x_wconf 80' lang='lat' dir='ltr'><strong>acl</strong></span> <span class='ocrx_word' id='word_1_23' title='bbox 515 629 593 700; x_wconf 74' lang='lat' dir='ltr'><strong>odra</strong></span> <span class='ocrx_word' id='word_1_24' title='bbox 615 637 640 698; x_wconf 93' lang='lat' dir='ltr'><strong>si</strong></span> <span class='ocrx_word' id='word_1_25' title='bbox 662 637 761 697; x_wconf 91' lang='lat' dir='ltr'><strong>minus</strong></span> <span class='ocrx_word' id='word_1_26' title='bbox 785 636 943 716; x_wconf 87' lang='lat' dir='ltr'><strong>eleganter</strong></span> <span class='ocrx_word' id='word_1_27' title='bbox 964 637 1072 698; x_wconf 80' lang='lat' dir='ltr'><strong>dicium</strong></span> <span class='ocrx_word' id='word_1_28' title='bbox 1096 635 1154 696; x_wconf 88' lang='lat' dir='ltr'><strong>hcc</strong></span> <span class='ocrx_word' id='word_1_29' title='bbox 1176 636 1252 716; x_wconf 89' lang='lat' dir='ltr'><strong>loco,</strong></span> <span class='ocrx_word' id='word_1_30' title='bbox 1275 643 1406 698; x_wconf 89' lang='lat' dir='ltr'><strong>attamen</strong></span> 
     </span>
     <span class='ocr_line' id='line_1_4' title="bbox 264 719 1235 803; baseline -0.002 -20"><span class='ocrx_word' id='word_1_31' title='bbox 264 724 295 783; x_wconf 92' lang='lat' dir='ltr'><strong>ln</strong></span> <span class='ocrx_word' id='word_1_32' title='bbox 318 720 377 783; x_wconf 90' lang='lat' dir='ltr'><strong>boc</strong></span> <span class='ocrx_word' id='word_1_33' title='bbox 399 719 534 782; x_wconf 83' lang='lat' dir='ltr'><strong>carmine</strong></span> <span class='ocrx_word' id='word_1_34' title='bbox 555 723 585 782; x_wconf 91' lang='lat' dir='ltr'><strong>in</strong></span> <span class='ocrx_word' id='word_1_35' title='bbox 607 723 811 803; x_wconf 74' lang='lat' dir='ltr'><strong>suspicionem</strong></span> <span class='ocrx_word' id='word_1_36' title='bbox 838 721 1008 785; x_wconf 84' lang='lat' dir='ltr'><strong>vocandum</strong></span> <span class='ocrx_word' id='word_1_37' title='bbox 1032 739 1092 782; x_wconf 94' lang='lat' dir='ltr'><strong>non</strong></span> <span class='ocrx_word' id='word_1_38' title='bbox 1116 727 1171 782; x_wconf 89' lang='lat' dir='ltr'><strong>est.</strong></span> <span class='ocrx_word' id='word_1_39' title='bbox 1195 755 1235 766; x_wconf 92' lang='lat'><em>-</em></span> 
     </span>
    </p>
   </div>
   <div class='ocr_carea' id='block_1_2' title="bbox 264 807 1414 4500">
    <p class='ocr_par' dir='ltr' id='par_1_2' title="bbox 395 807 605 870">
     <span class='ocr_line' id='line_1_5' title="bbox 395 807 605 870; baseline 0.01 -2"><span class='ocrx_word' id='word_1_40' title='bbox 395 823 421 869; x_wconf 90' lang='lat' dir='ltr'><strong>c.</strong></span> <span class='ocrx_word' id='word_1_41' title='bbox 444 807 493 867; x_wconf 84' lang='lat' dir='ltr'><strong>De</strong></span> <span class='ocrx_word' id='word_1_42' title='bbox 511 808 605 870; x_wconf 70' lang='lat' dir='ltr'><strong>sitim.</strong></span> 
     </span>
    </p>

    <p class='ocr_par' dir='ltr' id='par_1_3' title="bbox 264 891 1414 4500">
     <span class='ocr_line' id='line_1_6' title="bbox 350 891 1407 974; baseline -0.004 -20"><span class='ocrx_word' id='word_1_43' title='bbox 350 892 398 954; x_wconf 90' lang='lat' dir='ltr'><strong>Ad</strong></span> <span class='ocrx_word' id='word_1_44' title='bbox 421 910 488 954; x_wconf 91' lang='lat' dir='ltr'><strong>eam</strong></span> <span class='ocrx_word' id='word_1_45' title='bbox 512 912 591 973; x_wconf 88' lang='lat' dir='ltr'><strong>quae</strong></span> <span class='ocrx_word' id='word_1_46' title='bbox 618 893 753 974; x_wconf 89' lang='lat' dir='ltr'><strong>sequitur</strong></span> <span class='ocrx_word' id='word_1_47' title='bbox 780 891 1010 971; x_wconf 87' lang='lat' dir='ltr'><strong>disputationem</strong></span> <span class='ocrx_word' id='word_1_48' title='bbox 1040 891 1078 951; x_wconf 92' lang='lat' dir='ltr'><strong>de</strong></span> <span class='ocrx_word' id='word_1_49' title='bbox 1101 891 1179 953; x_wconf 89' lang='lat' dir='ltr'><strong>vitiis</strong></span> <span class='ocrx_word' id='word_1_50' title='bbox 1200 898 1407 968; x_wconf 86' lang='lat' dir='ltr'><strong>praemonen-</strong></span> 
     </span>
     <span class='ocr_line' id='line_1_7' title="bbox 266 975 1406 1062; baseline -0.002 -22"><span class='ocrx_word' id='word_1_51' title='bbox 266 979 336 1040; x_wconf 91' lang='lat' dir='ltr'><strong>dum</strong></span> <span class='ocrx_word' id='word_1_52' title='bbox 360 985 414 1058; x_wconf 91' lang='lat' dir='ltr'><strong>est,</strong></span> <span class='ocrx_word' id='word_1_53' title='bbox 439 978 529 1039; x_wconf 86' lang='lat' dir='ltr'><strong>multa</strong></span> <span class='ocrx_word' id='word_1_54' title='bbox 552 997 592 1042; x_wconf 89' lang='lat' dir='ltr'><strong>ex</strong></span> <span class='ocrx_word' id='word_1_55' title='bbox 614 996 652 1041; x_wconf 90' lang='lat' dir='ltr'><strong>eo</strong></span> <span class='ocrx_word' id='word_1_56' title='bbox 674 996 792 1062; x_wconf 79' lang='lat' dir='ltr'>genere</span> <span class='ocrx_word' id='word_1_57' title='bbox 814 979 873 1039; x_wconf 92' lang='lat' dir='ltr'><strong>iam</strong></span> <span class='ocrx_word' id='word_1_58' title='bbox 893 994 983 1056; x_wconf 84' lang='lat' dir='ltr'><strong>supra</strong></span> <span class='ocrx_word' id='word_1_59' title='bbox 1007 983 1132 1038; x_wconf 87' lang='lat' dir='ltr'><strong>tractata</strong></span> <span class='ocrx_word' id='word_1_60' title='bbox 1154 993 1234 1038; x_wconf 86' lang='lat' dir='ltr'><strong>esse</strong></span> <span class='ocrx_word' id='word_1_61' title='bbox 1248 994 1315 1036; x_wconf 92' lang='lat' dir='ltr'><strong>cum</strong></span> <span class='ocrx_word' id='word_1_62' title='bbox 1339 975 1406 1038; x_wconf 90' lang='lat' dir='ltr'><strong>aliis</strong></span> 
     </span>
     <span class='ocr_line' id='line_1_8' title="bbox 266 1061 1407 1146; baseline -0.003 -21"><span class='ocrx_word' id='word_1_63' title='bbox 266 1065 358 1143; x_wconf 90' lang='lat' dir='ltr'><strong>locis,</strong></span> <span class='ocrx_word' id='word_1_64' title='bbox 382 1071 443 1125; x_wconf 91' lang='lat' dir='ltr'><strong>tum</strong></span> <span class='ocrx_word' id='word_1_65' title='bbox 467 1065 556 1129; x_wconf 89' lang='lat' dir='ltr'><strong>iniis</strong></span> <span class='ocrx_word' id='word_1_66' title='bbox 579 1083 659 1146; x_wconf 88' lang='lat' dir='ltr'><strong>quae</strong></span> <span class='ocrx_word' id='word_1_67' title='bbox 683 1065 721 1128; x_wconf 89' lang='lat' dir='ltr'><strong>da</strong></span> <span class='ocrx_word' id='word_1_68' title='bbox 744 1065 923 1146; x_wconf 90' lang='lat' dir='ltr'><strong>optimorum</strong></span> <span class='ocrx_word' id='word_1_69' title='bbox 946 1061 1084 1125; x_wconf 91' lang='lat' dir='ltr'><strong>codicum</strong></span> <span class='ocrx_word' id='word_1_70' title='bbox 1107 1062 1166 1124; x_wconf 85' lang='lat' dir='ltr'><strong>fide</strong></span> <span class='ocrx_word' id='word_1_71' title='bbox 1191 1070 1220 1123; x_wconf 89' lang='lat' dir='ltr'><strong>et</strong></span> <span class='ocrx_word' id='word_1_72' title='bbox 1242 1069 1407 1141; x_wconf 89' lang='lat' dir='ltr'><strong>praestan-</strong></span> 
     </span>
     <span class='ocr_line' id='line_1_9' title="bbox 264 1148 1408 1231; baseline -0.002 -21"><span class='ocrx_word' id='word_1_73' title='bbox 264 1153 305 1211; x_wconf 91' lang='lat' dir='ltr'><strong>tia</strong></span> <span class='ocrx_word' id='word_1_74' title='bbox 328 1149 580 1226; x_wconf 85' lang='lat' dir='ltr'><strong>disserui;·nunc</strong></span> <span class='ocrx_word' id='word_1_75' title='bbox 602 1149 640 1212; x_wconf 90' lang='lat' dir='ltr'><strong>de</strong></span> <span class='ocrx_word' id='word_1_76' title='bbox 663 1152 715 1231; x_wconf 91' lang='lat' dir='ltr'><strong>iis,</strong></span> <span class='ocrx_word' id='word_1_77' title='bbox 739 1168 817 1231; x_wconf 88' lang='lat' dir='ltr'><strong>quae</strong></span> <span class='ocrx_word' id='word_1_78' title='bbox 841 1148 956 1228; x_wconf 88' lang='lat' dir='ltr'><strong>reliqua</strong></span> <span class='ocrx_word' id='word_1_79' title='bbox 978 1156 1062 1229; x_wconf 87' lang='lat' dir='ltr'><strong>sunt,</strong></span> <span class='ocrx_word' id='word_1_80' title='bbox 1086 1148 1218 1215; x_wconf 88' lang='lat' dir='ltr'><strong>breviter</strong></span> <span class='ocrx_word' id='word_1_81' title='bbox 1240 1148 1408 1210; x_wconf 79' lang='lat' dir='ltr'><strong>absolvam.</strong></span> 
     </span>
     <span class='ocr_line' id='line_1_10' title="bbox 265 1233 1408 1316; baseline -0.003 -19"><span class='ocrx_word' id='word_1_82' title='bbox 265 1236 302 1297; x_wconf 89' lang='lat' dir='ltr'><strong>Et</strong></span> <span class='ocrx_word' id='word_1_83' title='bbox 324 1235 434 1297; x_wconf 86' lang='lat' dir='ltr'><strong>ducant</strong></span> <span class='ocrx_word' id='word_1_84' title='bbox 455 1236 576 1316; x_wconf 91' lang='lat' dir='ltr'><strong>quidem</strong></span> <span class='ocrx_word' id='word_1_85' title='bbox 601 1237 728 1300; x_wconf 87' lang='lat' dir='ltr'><strong>densum</strong></span> <span class='ocrx_word' id='word_1_86' title='bbox 753 1238 893 1297; x_wconf 88' lang='lat' dir='ltr'><strong>vitiorum</strong></span> <span class='ocrx_word' id='word_1_87' title='bbox 920 1251 1030 1314; x_wconf 82' lang='lat' dir='ltr'><strong>agmen</strong></span> <span class='ocrx_word' id='word_1_88' title='bbox 1058 1233 1190 1297; x_wconf 91' lang='lat' dir='ltr'><strong>nonnulli</strong></span> <span class='ocrx_word' id='word_1_89' title='bbox 1218 1233 1295 1314; x_wconf 89' lang='lat' dir='ltr'><strong>loci,</strong></span> <span class='ocrx_word' id='word_1_90' title='bbox 1326 1251 1408 1313; x_wconf 92' lang='lat' dir='ltr'><strong>quo-</strong></span> 
     </span>
     <span class='ocr_line' id='line_1_11' title="bbox 265 1317 1408 1404; baseline -0.003 -21"><span class='ocrx_word' id='word_1_91' title='bbox 265 1339 332 1383; x_wconf 87' lang='lat' dir='ltr'><strong>rum</strong></span> <span class='ocrx_word' id='word_1_92' title='bbox 350 1322 541 1401; x_wconf 88' lang='lat' dir='ltr'><strong>corruptelae</strong></span> <span class='ocrx_word' id='word_1_93' title='bbox 559 1324 618 1387; x_wconf 87' lang='lat' dir='ltr'><strong>iarn</strong></span> <span class='ocrx_word' id='word_1_94' title='bbox 636 1341 694 1404; x_wconf 91' lang='lat' dir='ltr'><strong>ope</strong></span> <span class='ocrx_word' id='word_1_95' title='bbox 714 1321 851 1385; x_wconf 86' lang='lat' dir='ltr'><strong>codicum</strong></span> <span class='ocrx_word' id='word_1_96' title='bbox 868 1327 992 1383; x_wconf 89' lang='lat' dir='ltr'><strong>sanatae</strong></span> <span class='ocrx_word' id='word_1_97' title='bbox 1009 1317 1085 1384; x_wconf 90' lang='lat' dir='ltr'><strong>sunt.</strong></span> <span class='ocrx_word' id='word_1_98' title='bbox 1112 1361 1115 1368; x_wconf 82' lang='lat'>·</span> <span class='ocrx_word' id='word_1_99' title='bbox 1130 1320 1165 1380; x_wconf 90' lang='lat' dir='ltr'><strong>V.</strong></span> <span class='ocrx_word' id='word_1_100' title='bbox 1179 1319 1237 1378; x_wconf 80' lang='grc'><strong>241</strong></span> <span class='ocrx_word' id='word_1_101' title='bbox 1263 1321 1408 1399; x_wconf 87' lang='lat' dir='ltr'><strong>scripturn</strong></span> 
     </span>
     <span class='ocr_line' id='line_1_12' title="bbox 267 1402 1409 1494; baseline 0.001 -26"><span class='ocrx_word' id='word_1_102' title='bbox 267 1409 365 1478; x_wconf 87' lang='lat' dir='ltr'><strong>estin</strong></span> <span class='ocrx_word' id='word_1_103' title='bbox 388 1407 522 1487; x_wconf 88' lang='lat' dir='ltr'><strong>plurimis</strong></span> <span class='ocrx_word' id='word_1_104' title='bbox 544 1402 625 1474; x_wconf 77' lang='grc' dir='ltr'><em>ἑλαλν</em></span> <span class='ocrx_word' id='word_1_105' title='bbox 647 1409 689 1473; x_wconf 78' lang='grc' dir='ltr'><strong>δέ·</strong></span> <span class='ocrx_word' id='word_1_106' title='bbox 705 1433 742 1491; x_wconf 80' lang='grc' dir='ltr'><strong>γε</strong></span> <span class='ocrx_word' id='word_1_107' title='bbox 765 1409 845 1494; x_wconf 71' lang='lat' dir='ltr'><strong>prepi</strong></span> <span class='ocrx_word' id='word_1_108' title='bbox 869 1408 1011 1492; x_wconf 59' lang='lat' dir='ltr'><strong>capsim</strong></span> <span class='ocrx_word' id='word_1_109' title='bbox 1036 1408 1090 1468; x_wconf 90' lang='lat' dir='ltr'><strong>sed</strong></span> <span class='ocrx_word' id='word_1_110' title='bbox 1115 1425 1206 1488; x_wconf 88' lang='lat' dir='ltr'><strong>quum</strong></span> <span class='ocrx_word' id='word_1_111' title='bbox 1230 1406 1287 1467; x_wconf 89' lang='lat' dir='ltr'><strong>hue</strong></span> <span class='ocrx_word' id='word_1_112' title='bbox 1310 1407 1409 1486; x_wconf 89' lang='lat' dir='ltr'><strong>parti-</strong></span> 
     </span>
     <span class='ocr_line' id='line_1_13' title="bbox 267 1491 1407 1576; baseline -0.002 -21"><span class='ocrx_word' id='word_1_113' title='bbox 267 1494 354 1555; x_wconf 90' lang='lat' dir='ltr'><strong>culae</strong></span> <span class='ocrx_word' id='word_1_114' title='bbox 381 1493 416 1556; x_wconf 84' lang='grc' dir='ltr'><em>δέ</em></span> <span class='ocrx_word' id='word_1_115' title='bbox 442 1517 480 1574; x_wconf 75' lang='grc' dir='ltr'><strong>γε</strong></span> <span class='ocrx_word' id='word_1_116' title='bbox 510 1497 689 1556; x_wconf 85' lang='lat' dir='ltr'><strong>coniunctae</strong></span> <span class='ocrx_word' id='word_1_117' title='bbox 720 1494 798 1576; x_wconf 93' lang='lat' dir='ltr'><strong>apud</strong></span> <span class='ocrx_word' id='word_1_118' title='bbox 825 1492 988 1555; x_wconf 83' lang='lat' dir='ltr'><strong>Homerum</strong></span> <span class='ocrx_word' id='word_1_119' title='bbox 1012 1493 1093 1554; x_wconf 92' lang='lat' dir='ltr'><strong>nullo</strong></span> <span class='ocrx_word' id='word_1_120' title='bbox 1117 1491 1197 1572; x_wconf 89' lang='lat' dir='ltr'><strong>quod</strong></span> <span class='ocrx_word' id='word_1_121' title='bbox 1221 1492 1315 1554; x_wconf 89' lang='lat' dir='ltr'><strong>sciam</strong></span> <span class='ocrx_word' id='word_1_122' title='bbox 1336 1493 1407 1555; x_wconf 92' lang='lat' dir='ltr'><strong>leco</strong></span> 
     </span>
     <span class='ocr_line' id='line_1_14' title="bbox 265 1577 1408 1662; baseline -0.001 -22"><span class='ocrx_word' id='word_1_123' title='bbox 265 1580 475 1662; x_wconf 84' lang='lat' dir='ltr'><strong>inveniantur,</strong></span> <span class='ocrx_word' id='word_1_124' title='bbox 508 1577 556 1640; x_wconf 90' lang='lat' dir='ltr'><strong>hic</strong></span> <span class='ocrx_word' id='word_1_125' title='bbox 579 1587 661 1642; x_wconf 88' lang='lat' dir='ltr'><strong>certe</strong></span> <span class='ocrx_word' id='word_1_126' title='bbox 685 1580 772 1643; x_wconf 87' lang='lat' dir='ltr'><strong>locus</strong></span> <span class='ocrx_word' id='word_1_127' title='bbox 796 1597 864 1642; x_wconf 92' lang='lat' dir='ltr'><strong>eum</strong></span> <span class='ocrx_word' id='word_1_128' title='bbox 893 1580 945 1658; x_wconf 94' lang='lat' dir='ltr'><strong>qui</strong></span> <span class='ocrx_word' id='word_1_129' title='bbox 973 1579 1077 1641; x_wconf 90' lang='lat' dir='ltr'><strong>inesse</strong></span> <span class='ocrx_word' id='word_1_130' title='bbox 1108 1578 1249 1657; x_wconf 82' lang='lat' dir='ltr'><strong>deberet,</strong></span> <span class='ocrx_word' id='word_1_131' title='bbox 1281 1596 1408 1640; x_wconf 89' lang='lat' dir='ltr'><strong>sensum</strong></span> 
     </span>
     <span class='ocr_line' id='line_1_15' title="bbox 266 1664 1410 1745; baseline 0 -19"><span class='ocrx_word' id='word_1_132' title='bbox 266 1683 329 1727; x_wconf 92' lang='lat' dir='ltr'><strong>non</strong></span> <span class='ocrx_word' id='word_1_133' title='bbox 353 1664 446 1744; x_wconf 87' lang='lat' dir='ltr'><strong>leret,</strong></span> <span class='ocrx_word' id='word_1_134' title='bbox 477 1673 562 1728; x_wconf 87' lang='lat' dir='ltr'><strong>recte</strong></span> <span class='ocrx_word' id='word_1_135' title='bbox 585 1666 713 1729; x_wconf 88' lang='lat' dir='ltr'><strong>Wollius</strong></span> <span class='ocrx_word' id='word_1_136' title='bbox 741 1685 780 1728; x_wconf 88' lang='lat' dir='ltr'><strong>ex</strong></span> <span class='ocrx_word' id='word_1_137' title='bbox 804 1683 824 1726; x_wconf 87' lang='lat' dir='ltr'><strong>c</strong></span> <span class='ocrx_word' id='word_1_138' title='bbox 846 1665 961 1745; x_wconf 86' lang='lat' dir='ltr'><strong>recepit</strong></span> <span class='ocrx_word' id='word_1_139' title='bbox 985 1664 1021 1729; x_wconf 80' lang='lat' dir='ltr'><strong>dd</strong></span> <span class='ocrx_word' id='word_1_140' title='bbox 1044 1689 1076 1728; x_wconf 76' lang='lat' dir='ltr'><strong>re</strong></span> <span class='ocrx_word' id='word_1_141' title='bbox 1102 1673 1132 1726; x_wconf 88' lang='lat' dir='ltr'><strong>et</strong></span> <span class='ocrx_word' id='word_1_142' title='bbox 1154 1664 1286 1726; x_wconf 86' lang='lat' dir='ltr'><strong>Homero</strong></span> <span class='ocrx_word' id='word_1_143' title='bbox 1308 1665 1410 1726; x_wconf 86' lang='lat' dir='ltr'><strong>usita-</strong></span> 
     </span>
     <span class='ocr_line' id='line_1_16' title="bbox 265 1749 1408 1831; baseline 0.001 -19"><span class='ocrx_word' id='word_1_144' title='bbox 265 1759 328 1813; x_wconf 91' lang='lat' dir='ltr'><strong>tum</strong></span> <span class='ocrx_word' id='word_1_145' title='bbox 352 1759 381 1812; x_wconf 89' lang='lat' dir='ltr'><strong>et</strong></span> <span class='ocrx_word' id='word_1_146' title='bbox 401 1751 471 1811; x_wconf 90' lang='lat' dir='ltr'><strong>bnic</strong></span> <span class='ocrx_word' id='word_1_147' title='bbox 493 1753 561 1813; x_wconf 87' lang='lat' dir='ltr'><strong>loeo</strong></span> <span class='ocrx_word' id='word_1_148' title='bbox 584 1753 852 1814; x_wconf 89' lang='lat' dir='ltr'><strong>accommodatum.</strong></span> <span class='ocrx_word' id='word_1_149' title='bbox 877 1785 917 1796; x_wconf 88' lang='lat'>-</span> <span class='ocrx_word' id='word_1_150' title='bbox 950 1749 1051 1812; x_wconf 82' lang='lat' dir='ltr'><strong>Paullo</strong></span> <span class='ocrx_word' id='word_1_151' title='bbox 1066 1757 1142 1831; x_wconf 85' lang='lat' dir='ltr'><strong>¹post</strong></span> <span class='ocrx_word' id='word_1_152' title='bbox 1163 1769 1191 1811; x_wconf 88' lang='lat' dir='ltr'><strong>v.</strong></span> <span class='ocrx_word' id='word_1_153' title='bbox 1213 1751 1273 1810; x_wconf 80' lang='lat'><strong>24⁷</strong></span> <span class='ocrx_word' id='word_1_154' title='bbox 1297 1751 1408 1812; x_wconf 89' lang='lat' dir='ltr'><strong>melio-</strong></span> 
     </span>
     <span class='ocr_line' id='line_1_17' title="bbox 265 1835 1410 1922; baseline -0.001 -23"><span class='ocrx_word' id='word_1_155' title='bbox 265 1855 319 1899; x_wconf 83' lang='lat' dir='ltr'><strong>res</strong></span> <span class='ocrx_word' id='word_1_156' title='bbox 341 1837 453 1898; x_wconf 88' lang='lat' dir='ltr'><strong>babent</strong></span> <span class='ocrx_word' id='word_1_157' title='bbox 476 1838 649 1922; x_wconf 65' lang='grc' dir='ltr'><em>ἐκὲχανιοι</em></span> <span class='ocrx_word' id='word_1_158' title='bbox 684 1836 738 1899; x_wconf 90' lang='lat' dir='ltr'><strong>sed</strong></span> <span class='ocrx_word' id='word_1_159' title='bbox 761 1835 1059 1919; x_wconf 78' lang='lat' dir='ltr'><strong>plusquamperfecto</strong></span> <span class='ocrx_word' id='word_1_160' title='bbox 1084 1838 1214 1898; x_wconf 89' lang='lat' dir='ltr'><strong>hicnon</strong></span> <span class='ocrx_word' id='word_1_161' title='bbox 1239 1843 1285 1898; x_wconf 91' lang='lat' dir='ltr'><strong>est</strong></span> <span class='ocrx_word' id='word_1_162' title='bbox 1306 1836 1410 1915; x_wconf 90' lang='lat' dir='ltr'><strong>lecus;</strong></span> 
     </span>
     <span class='ocr_line' id='line_1_18' title="bbox 265 1918 1408 2008; baseline -0.003 -22"><span class='ocrx_word' id='word_1_163' title='bbox 265 1924 368 1986; x_wconf 82' lang='lat' dir='ltr'><strong>scribe</strong></span> <span class='ocrx_word' id='word_1_164' title='bbox 390 1923 484 2004; x_wconf 81' lang='lat' dir='ltr'><strong>igitur</strong></span> <span class='ocrx_word' id='word_1_165' title='bbox 507 1941 546 1984; x_wconf 89' lang='lat' dir='ltr'><strong>ex</strong></span> <span class='ocrx_word' id='word_1_166' title='bbox 569 1924 754 1986; x_wconf 81' lang='lat' dir='ltr'><strong>deteriorum</strong></span> <span class='ocrx_word' id='word_1_167' title='bbox 777 1918 989 1985; x_wconf 87' lang='lat' dir='ltr'><strong>emendatione</strong></span> <span class='ocrx_word' id='word_1_168' title='bbox 1013 1928 1217 2008; x_wconf 66' lang='lat' dir='ltr'><strong>sapuero-</strong></span> <span class='ocrx_word' id='word_1_169' title='bbox 1239 1923 1285 1984; x_wconf 80' lang='lat' dir='ltr'><strong>lle</strong></span> <span class='ocrx_word' id='word_1_170' title='bbox 1305 1925 1408 1984; x_wconf 70' lang='lat' dir='ltr'><strong>etti</strong></span> 
     </span>
     <span class='ocr_line' id='line_1_19' title="bbox 266 2003 1410 2154; baseline -0.002 -82"><span class='ocrx_word' id='word_1_171' title='bbox 266 2011 330 2075; x_wconf 72' lang='lat' dir='ltr'><strong>ceri</strong></span> <span class='ocrx_word' id='word_1_172' title='bbox 353 2003 380 2072; x_wconf 84' lang='grc' dir='ltr'><em>δ</em></span> <span class='ocrx_word' id='word_1_173' title='bbox 397 2011 498 2089; x_wconf 74' lang='grc' dir='ltr'><em>ἔβαλε</em></span> <span class='ocrx_word' id='word_1_174' title='bbox 519 2008 725 2089; x_wconf 67' lang='grc' dir='ltr'><em>τρυφάλειαν</em></span> <span class='ocrx_word' id='word_1_175' title='bbox 748 2003 913 2089; x_wconf 76' lang='grc' dir='ltr'><em>ἀμύμονα</em></span> <span class='ocrx_word' id='word_1_176' title='bbox 937 2009 991 2072; x_wconf 81' lang='grc' dir='ltr'><strong>καὶ</strong></span> <span class='ocrx_word' id='word_1_177' title='bbox 1015 2007 1241 2154; x_wconf 47' lang='grc' dir='ltr'><em>νειράέννρον</em></span> <span class='ocrx_word' id='word_1_178' title='bbox 1265 2027 1324 2071; x_wconf 90' lang='lat' dir='ltr'><strong>non</strong></span> <span class='ocrx_word' id='word_1_179' title='bbox 1348 2017 1410 2072; x_wconf 81' lang='lat' dir='ltr'><strong>tarn</strong></span> 
     </span>
     <span class='ocr_line' id='line_1_20' title="bbox 269 2092 1411 2176; baseline 0.003 -21"><span class='ocrx_word' id='word_1_180' title='bbox 269 2113 336 2155; x_wconf 88' lang='lat' dir='ltr'><strong>earn</strong></span> <span class='ocrx_word' id='word_1_181' title='bbox 359 2094 399 2156; x_wconf 93' lang='lat' dir='ltr'><strong>ob</strong></span> <span class='ocrx_word' id='word_1_182' title='bbox 424 2109 546 2154; x_wconf 89' lang='lat' dir='ltr'><strong>causam</strong></span> <span class='ocrx_word' id='word_1_183' title='bbox 572 2095 730 2175; x_wconf 87' lang='lat' dir='ltr'><strong>admoneo,</strong></span> <span class='ocrx_word' id='word_1_184' title='bbox 755 2094 824 2174; x_wconf 88' lang='lat' dir='ltr'><strong>quia</strong></span> <span class='ocrx_word' id='word_1_185' title='bbox 846 2092 906 2155; x_wconf 86' lang='lat' dir='ltr'><strong>levi</strong></span> <span class='ocrx_word' id='word_1_186' title='bbox 930 2111 1037 2156; x_wconf 86' lang='lat' dir='ltr'><strong>errore</strong></span> <span class='ocrx_word' id='word_1_187' title='bbox 1059 2095 1090 2154; x_wconf 92' lang='lat' dir='ltr'><strong>in</strong></span> <span class='ocrx_word' id='word_1_188' title='bbox 1148 2095 1338 2176; x_wconf 81' lang='lat' dir='ltr'><strong>Gseriptum</strong></span> <span class='ocrx_word' id='word_1_189' title='bbox 1363 2103 1411 2158; x_wconf 91' lang='lat' dir='ltr'><strong>est</strong></span> 
     </span>
     <span class='ocr_line' id='line_1_21' title="bbox 268 2174 1412 2265; baseline 0.003 -24"><span class='ocrx_word' id='word_1_190' title='bbox 268 2174 505 2265; x_wconf 76' lang='grc' dir='ltr'><strong>ιειραλχηιρον.Ι</strong></span> <span class='ocrx_word' id='word_1_191' title='bbox 525 2180 579 2241; x_wconf 90' lang='lat' dir='ltr'><strong>sed</strong></span> <span class='ocrx_word' id='word_1_192' title='bbox 603 2181 672 2261; x_wconf 91' lang='lat' dir='ltr'><strong>quia</strong></span> <span class='ocrx_word' id='word_1_193' title='bbox 694 2181 732 2242; x_wconf 90' lang='lat' dir='ltr'><strong>de</strong></span> <span class='ocrx_word' id='word_1_194' title='bbox 754 2187 814 2242; x_wconf 88' lang='lat' dir='ltr'><strong>tota</strong></span> <span class='ocrx_word' id='word_1_195' title='bbox 838 2178 896 2241; x_wconf 90' lang='lat' dir='ltr'><strong>bec</strong></span> <span class='ocrx_word' id='word_1_196' title='bbox 918 2197 995 2244; x_wconf 86' lang='lat' dir='ltr'><strong>voce</strong></span> <span class='ocrx_word' id='word_1_197' title='bbox 1019 2179 1089 2260; x_wconf 94' lang='lat' dir='ltr'><strong>quid</strong></span> <span class='ocrx_word' id='word_1_198' title='bbox 1111 2186 1285 2262; x_wconf 87' lang='lat' dir='ltr'><strong>statuamus,</strong></span> <span class='ocrx_word' id='word_1_199' title='bbox 1309 2183 1338 2243; x_wconf 92' lang='lat' dir='ltr'><strong>in</strong></span> <span class='ocrx_word' id='word_1_200' title='bbox 1359 2184 1412 2244; x_wconf 85' lang='lat' dir='ltr'><strong>in-</strong></span> 
     </span>
     <span class='ocr_line' id='line_1_22' title="bbox 269 2265 1411 2350; baseline 0.003 -24"><span class='ocrx_word' id='word_1_201' title='bbox 269 2272 352 2327; x_wconf 89' lang='lat' dir='ltr'><strong>certo</strong></span> <span class='ocrx_word' id='word_1_202' title='bbox 383 2270 437 2326; x_wconf 88' lang='lat' dir='ltr'><strong>est.</strong></span> <span class='ocrx_word' id='word_1_203' title='bbox 492 2265 601 2345; x_wconf 82' lang='lat' dir='ltr'><strong>Lycius</strong></span> <span class='ocrx_word' id='word_1_204' title='bbox 630 2266 710 2332; x_wconf 88' lang='lat' dir='ltr'><strong>male</strong></span> <span class='ocrx_word' id='word_1_205' title='bbox 738 2283 848 2328; x_wconf 91' lang='lat' dir='ltr'><strong>nomen</strong></span> <span class='ocrx_word' id='word_1_206' title='bbox 877 2267 971 2328; x_wconf 91' lang='lat' dir='ltr'><strong>muris</strong></span> <span class='ocrx_word' id='word_1_207' title='bbox 1003 2267 1106 2326; x_wconf 88' lang='lat' dir='ltr'><strong>inesse</strong></span> <span class='ocrx_word' id='word_1_208' title='bbox 1136 2269 1250 2345; x_wconf 90' lang='lat' dir='ltr'><strong>putavit</strong></span> <span class='ocrx_word' id='word_1_209' title='bbox 1277 2268 1411 2350; x_wconf 90' lang='lat' dir='ltr'><strong>ideoque</strong></span> 
     </span>
     <span class='ocr_line' id='line_1_23' title="bbox 268 2349 1412 2434; baseline 0.004 -22"><span class='ocrx_word' id='word_1_210' title='bbox 268 2351 401 2414; x_wconf 84' lang='lat' dir='ltr'><strong>distinxit</strong></span> <span class='ocrx_word' id='word_1_211' title='bbox 419 2357 492 2431; x_wconf 88' lang='lat' dir='ltr'><strong>post</strong></span> <span class='ocrx_word' id='word_1_212' title='bbox 513 2349 738 2434; x_wconf 78' lang='lat' dir='ltr'><strong>cpopdlerce3</strong></span> <span class='ocrx_word' id='word_1_213' title='bbox 761 2352 815 2414; x_wconf 91' lang='lat' dir='ltr'><strong>sed</strong></span> <span class='ocrx_word' id='word_1_214' title='bbox 839 2352 950 2431; x_wconf 88' lang='lat' dir='ltr'><strong>respici</strong></span> <span class='ocrx_word' id='word_1_215' title='bbox 973 2351 1010 2412; x_wconf 93' lang='lat' dir='ltr'><strong>ad</strong></span> <span class='ocrx_word' id='word_1_216' title='bbox 1026 2351 1218 2415; x_wconf 84' lang='lat' dir='ltr'><strong>Homericum</strong></span> <span class='ocrx_word' id='word_1_217' title='bbox 1243 2353 1412 2434; x_wconf 72' lang='grc' dir='ltr'><em>τετραφα-</em></span> 
     </span>
     <span class='ocr_line' id='line_1_24' title="bbox 269 2437 1411 2520; baseline 0 -19"><span class='ocrx_word' id='word_1_218' title='bbox 269 2439 371 2518; x_wconf 73' lang='grc' dir='ltr'><em>λρρον</em></span> <span class='ocrx_word' id='word_1_219' title='bbox 401 2453 490 2497; x_wconf 86' lang='lat' dir='ltr'><strong>nemo</strong></span> <span class='ocrx_word' id='word_1_220' title='bbox 520 2452 580 2498; x_wconf 92' lang='lat' dir='ltr'><strong>non</strong></span> <span class='ocrx_word' id='word_1_221' title='bbox 609 2439 698 2499; x_wconf 91' lang='lat' dir='ltr'><strong>videt.</strong></span> <span class='ocrx_word' id='word_1_222' title='bbox 749 2439 789 2499; x_wconf 86' lang='lat' dir='ltr'><strong>At</strong></span> <span class='ocrx_word' id='word_1_223' title='bbox 816 2437 874 2500; x_wconf 91' lang='lat' dir='ltr'><strong>boc</strong></span> <span class='ocrx_word' id='word_1_224' title='bbox 900 2453 960 2498; x_wconf 91' lang='lat' dir='ltr'><strong>non</strong></span> <span class='ocrx_word' id='word_1_225' title='bbox 990 2437 1099 2500; x_wconf 83' lang='lat' dir='ltr'><strong>suldcit</strong></span> <span class='ocrx_word' id='word_1_226' title='bbox 1125 2439 1155 2498; x_wconf 90' lang='lat' dir='ltr'><strong>in</strong></span> <span class='ocrx_word' id='word_1_227' title='bbox 1183 2456 1221 2499; x_wconf 91' lang='lat' dir='ltr'><strong>eo</strong></span> <span class='ocrx_word' id='word_1_228' title='bbox 1248 2440 1411 2520; x_wconf 85' lang='lat' dir='ltr'><strong>vocabule,</strong></span> 
     </span>
     <span class='ocr_line' id='line_1_25' title="bbox 270 2521 1410 2608; baseline 0.004 -24"><span class='ocrx_word' id='word_1_229' title='bbox 270 2541 330 2602; x_wconf 92' lang='lat' dir='ltr'><strong>quo</strong></span> <span class='ocrx_word' id='word_1_230' title='bbox 353 2521 530 2602; x_wconf 75' lang='lat' dir='ltr'><strong>moqnitode</strong></span> <span class='ocrx_word' id='word_1_231' title='bbox 553 2523 785 2608; x_wconf 51' lang='lat' dir='ltr'><strong>galeae‘lepide</strong></span> <span class='ocrx_word' id='word_1_232' title='bbox 808 2521 1013 2604; x_wconf 66' lang='lat' dir='ltr'><strong>praedicatum</strong></span> <span class='ocrx_word' id='word_1_233' title='bbox 1045 2523 1117 2604; x_wconf 84' lang='lat' dir='ltr'><strong>quid</strong></span> <span class='ocrx_word' id='word_1_234' title='bbox 1140 2524 1246 2606; x_wconf 79' lang='lat' dir='ltr'><strong>igitur,</strong></span> <span class='ocrx_word' id='word_1_235' title='bbox 1271 2528 1296 2587; x_wconf 95' lang='lat' dir='ltr'><strong>si</strong></span> <span class='ocrx_word' id='word_1_236' title='bbox 1319 2534 1410 2607; x_wconf 88' lang='lat' dir='ltr'><strong>poeta</strong></span> 
     </span>
     <span class='ocr_line' id='line_1_26' title="bbox 270 2601 1412 2694; baseline 0.007 -26"><span class='ocrx_word' id='word_1_237' title='bbox 270 2609 408 2670; x_wconf 84' lang='lat' dir='ltr'><strong>derideat</strong></span> <span class='ocrx_word' id='word_1_238' title='bbox 436 2609 515 2669; x_wconf 92' lang='lat' dir='ltr'><strong>illam</strong></span> <span class='ocrx_word' id='word_1_239' title='bbox 543 2601 660 2681; x_wconf 77' lang='lat' dir='ltr'><strong>&#39;Arddc</strong></span> <span class='ocrx_word' id='word_1_240' title='bbox 687 2612 810 2693; x_wconf 71' lang='grc' dir='ltr'><em>κυνέην</em></span> <span class='ocrx_word' id='word_1_241' title='bbox 830 2610 955 2673; x_wconf 70' lang='lat' dir='ltr'><strong>decade</strong></span> <span class='ocrx_word' id='word_1_242' title='bbox 977 2603 1147 2690; x_wconf 68' lang='lat' dir='ltr'><strong>aparldecc&#39;</strong></span> <span class='ocrx_word' id='word_1_243' title='bbox 1171 2605 1336 2692; x_wconf 68' lang='grc' dir='ltr'><em>ἀραρυῖαν</em></span> <span class='ocrx_word' id='word_1_244' title='bbox 1357 2609 1412 2694; x_wconf 80' lang='grc' dir='ltr'><strong>(Ε,</strong></span> 
     </span>
     <span class='ocr_line' id='line_1_27' title="bbox 270 2685 1410 2779; baseline 0.006 -27"><span class='ocrx_word' id='word_1_245' title='bbox 270 2692 369 2776; x_wconf 71' lang='lat' dir='ltr'><strong>&#39;ltili</strong></span> <span class='ocrx_word' id='word_1_246' title='bbox 408 2691 444 2753; x_wconf 84' lang='lat' dir='ltr'><strong>Et</strong></span> <span class='ocrx_word' id='word_1_247' title='bbox 466 2685 592 2779; x_wconf 73' lang='grc' dir='ltr'><em>χύτραν</em></span> <span class='ocrx_word' id='word_1_248' title='bbox 615 2712 672 2775; x_wconf 86' lang='lat' dir='ltr'><strong>pro</strong></span> <span class='ocrx_word' id='word_1_249' title='bbox 692 2697 771 2757; x_wconf 89' lang='lat' dir='ltr'><strong>mole</strong></span> <span class='ocrx_word' id='word_1_250' title='bbox 795 2696 894 2774; x_wconf 90' lang='lat' dir='ltr'><strong>aliqua</strong></span> <span class='ocrx_word' id='word_1_251' title='bbox 915 2702 945 2756; x_wconf 89' lang='lat' dir='ltr'><strong>et</strong></span> <span class='ocrx_word' id='word_1_252' title='bbox 963 2695 1054 2756; x_wconf 91' lang='lat' dir='ltr'><strong>nimia</strong></span> <span class='ocrx_word' id='word_1_253' title='bbox 1072 2697 1158 2775; x_wconf 91' lang='lat' dir='ltr'><strong>copia</strong></span> <span class='ocrx_word' id='word_1_254' title='bbox 1181 2695 1277 2758; x_wconf 89' lang='lat' dir='ltr'><strong>luisse</strong></span> <span class='ocrx_word' id='word_1_255' title='bbox 1293 2700 1322 2760; x_wconf 94' lang='lat' dir='ltr'><strong>in</strong></span> <span class='ocrx_word' id='word_1_256' title='bbox 1342 2716 1410 2777; x_wconf 90' lang='lat' dir='ltr'><strong>uso,</strong></span> 
     </span>
     <span class='ocr_line' id='line_1_28' title="bbox 266 2773 1411 2867; baseline 0.005 -25"><span class='ocrx_word' id='word_1_257' title='bbox 266 2781 375 2862; x_wconf 67' lang='lat' dir='ltr'><strong>‘glossa</strong></span> <span class='ocrx_word' id='word_1_258' title='bbox 397 2778 563 2860; x_wconf 78' lang='lat' dir='ltr'><strong>&#39;Hesychiit</strong></span> <span class='ocrx_word' id='word_1_259' title='bbox 600 2781 720 2863; x_wconf 71' lang='grc' dir='ltr'><em>λημᾶν,</em></span> <span class='ocrx_word' id='word_1_260' title='bbox 745 2774 885 2867; x_wconf 66' lang='grc' dir='ltr'><em>χύτραις</em></span> <span class='ocrx_word' id='word_1_261' title='bbox 916 2775 939 2859; x_wconf 76' lang='grc' dir='ltr'><strong><em>ἧ</em></strong></span> <span class='ocrx_word' id='word_1_262' title='bbox 973 2773 1213 2857; x_wconf 66' lang='grc' dir='ltr'><em>κολοκύνταις,</em></span> <span class='ocrx_word' id='word_1_263' title='bbox 1242 2785 1411 2866; x_wconf 77' lang='grc' dir='ltr'><em>παροιμία</em></span> 
     </span>
     <span class='ocr_line' id='line_1_29' title="bbox 271 2865 1410 2947; baseline 0.003 -19"><span class='ocrx_word' id='word_1_264' title='bbox 271 2867 409 2928; x_wconf 89' lang='lat' dir='ltr'><strong>ostendit.</strong></span> <span class='ocrx_word' id='word_1_265' title='bbox 433 2901 475 2912; x_wconf 91' lang='lat'><strong>--</strong></span> <span class='ocrx_word' id='word_1_266' title='bbox 511 2865 545 2925; x_wconf 92' lang='lat' dir='ltr'><strong>V.</strong></span> <span class='ocrx_word' id='word_1_267' title='bbox 570 2865 630 2927; x_wconf 80' lang='lat'><strong>303</strong></span> <span class='ocrx_word' id='word_1_268' title='bbox 664 2866 819 2947; x_wconf 80' lang='lat' dir='ltr'><strong>archetypi</strong></span> <span class='ocrx_word' id='word_1_269' title='bbox 846 2867 937 2928; x_wconf 89' lang='lat' dir='ltr'><strong>lectio</strong></span> <span class='ocrx_word' id='word_1_270' title='bbox 964 2865 1060 2932; x_wconf 84' lang='lat' dir='ltr'><strong>fuisse</strong></span> <span class='ocrx_word' id='word_1_271' title='bbox 1088 2867 1213 2929; x_wconf 75' lang='lat' dir='ltr'><strong>ridetur·</strong></span> <span class='ocrx_word' id='word_1_272' title='bbox 1231 2865 1369 2933; x_wconf 74' lang='grc' dir='ltr'><em>ἐδύσαιο</em></span> <span class='ocrx_word' id='word_1_273' title='bbox 1394 2889 1410 2931; x_wconf 82' lang='grc' dir='ltr'><strong>ιι</strong></span> 
     </span>
     <span class='ocr_line' id='line_1_30' title="bbox 269 2951 1412 3035; baseline 0.003 -23"><span class='ocrx_word' id='word_1_274' title='bbox 269 2953 446 3014; x_wconf 84' lang='lat' dir='ltr'><strong>melioribus</strong></span> <span class='ocrx_word' id='word_1_275' title='bbox 468 2959 607 3031; x_wconf 53' lang='lat' dir='ltr'><strong>servate</strong></span> <span class='ocrx_word' id='word_1_276' title='bbox 635 2952 689 3015; x_wconf 91' lang='lat' dir='ltr'><strong>sed</strong></span> <span class='ocrx_word' id='word_1_277' title='bbox 715 2955 745 3015; x_wconf 94' lang='lat' dir='ltr'><strong>in</strong></span> <span class='ocrx_word' id='word_1_278' title='bbox 768 2971 803 3015; x_wconf 91' lang='lat' dir='ltr'><strong>re</strong></span> <span class='ocrx_word' id='word_1_279' title='bbox 823 2951 949 3035; x_wconf 88' lang='lat' dir='ltr'><strong>parvula</strong></span> <span class='ocrx_word' id='word_1_280' title='bbox 972 2953 1137 3032; x_wconf 86' lang='lat' dir='ltr'><strong>praestabit</strong></span> <span class='ocrx_word' id='word_1_281' title='bbox 1159 2955 1320 3016; x_wconf 88' lang='lat' dir='ltr'><strong>restituere</strong></span> <span class='ocrx_word' id='word_1_282' title='bbox 1343 2955 1412 3017; x_wconf 88' lang='lat' dir='ltr'><strong>lor-</strong></span> 
     </span>
     <span class='ocr_line' id='line_1_31' title="bbox 270 3028 1412 3104; baseline 0.004 -6"><span class='ocrx_word' id='word_1_283' title='bbox 270 3057 347 3099; x_wconf 92' lang='lat' dir='ltr'><strong>mam</strong></span> <span class='ocrx_word' id='word_1_284' title='bbox 372 3037 562 3099; x_wconf 87' lang='lat' dir='ltr'><strong>Homericam</strong></span> <span class='ocrx_word' id='word_1_285' title='bbox 586 3028 731 3102; x_wconf 75' lang='grc' dir='ltr'><em>ἐδύαενο.</em></span> <span class='ocrx_word' id='word_1_286' title='bbox 753 3073 796 3086; x_wconf 84' lang='grc'><strong>-</strong></span> <span class='ocrx_word' id='word_1_287' title='bbox 830 3037 936 3100; x_wconf 89' lang='lat' dir='ltr'><strong>Hirum</strong></span> <span class='ocrx_word' id='word_1_288' title='bbox 960 3041 989 3099; x_wconf 94' lang='lat' dir='ltr'><strong>in</strong></span> <span class='ocrx_word' id='word_1_289' title='bbox 1017 3039 1136 3100; x_wconf 89' lang='lat' dir='ltr'><strong>modum</strong></span> <span class='ocrx_word' id='word_1_290' title='bbox 1160 3041 1270 3101; x_wconf 89' lang='lat' dir='ltr'><strong>turbati</strong></span> <span class='ocrx_word' id='word_1_291' title='bbox 1298 3043 1328 3102; x_wconf 93' lang='lat' dir='ltr'><strong>in</strong></span> <span class='ocrx_word' id='word_1_292' title='bbox 1355 3061 1412 3104; x_wconf 93' lang='lat' dir='ltr'><strong>co-</strong></span> 
     </span>
     <span class='ocr_line' id='line_1_32' title="bbox 271 3122 1412 3205; baseline 0.005 -21"><span class='ocrx_word' id='word_1_293' title='bbox 271 3123 338 3186; x_wconf 91' lang='lat' dir='ltr'><strong>dice</strong></span> <span class='ocrx_word' id='word_1_294' title='bbox 361 3123 571 3204; x_wconf 88' lang='lat' dir='ltr'><strong>antiquissimo</strong></span> <span class='ocrx_word' id='word_1_295' title='bbox 593 3122 717 3184; x_wconf 85' lang='lat' dir='ltr'><strong>luerunt</strong></span> <span class='ocrx_word' id='word_1_296' title='bbox 739 3141 787 3185; x_wconf 88' lang='lat' dir='ltr'><strong>vv.</strong></span> <span class='ocrx_word' id='word_1_297' title='bbox 809 3124 946 3205; x_wconf 76' lang='lat' dir='ltr'><strong>tt-ts,</strong></span> <span class='ocrx_word' id='word_1_298' title='bbox 979 3124 1029 3187; x_wconf 91' lang='lat' dir='ltr'><strong>ubi</strong></span> <span class='ocrx_word' id='word_1_299' title='bbox 1053 3133 1180 3188; x_wconf 89' lang='lat' dir='ltr'><strong>metrum</strong></span> <span class='ocrx_word' id='word_1_300' title='bbox 1204 3127 1307 3194; x_wconf 85' lang='lat' dir='ltr'><strong>verbis</strong></span> <span class='ocrx_word' id='word_1_301' title='bbox 1333 3129 1412 3190; x_wconf 87' lang='lat' dir='ltr'><strong>male</strong></span> 
     </span>
     <span class='ocr_line' id='line_1_33' title="bbox 268 3209 1410 3295; baseline 0.005 -25"><span class='ocrx_word' id='word_1_302' title='bbox 268 3213 460 3291; x_wconf 86' lang='lat' dir='ltr'><strong>transpositis</strong></span> <span class='ocrx_word' id='word_1_303' title='bbox 481 3211 579 3292; x_wconf 88' lang='lat' dir='ltr'><strong>periit.</strong></span> <span class='ocrx_word' id='word_1_304' title='bbox 624 3212 738 3291; x_wconf 80' lang='lat' dir='ltr'><strong>Aperte</strong></span> <span class='ocrx_word' id='word_1_305' title='bbox 761 3209 792 3273; x_wconf 94' lang='lat' dir='ltr'><strong>id</strong></span> <span class='ocrx_word' id='word_1_306' title='bbox 815 3211 902 3274; x_wconf 91' lang='lat' dir='ltr'><strong>docet</strong></span> <span class='ocrx_word' id='word_1_307' title='bbox 925 3229 952 3274; x_wconf 85' lang='lat' dir='ltr'><strong>r.</strong></span> <span class='ocrx_word' id='word_1_308' title='bbox 966 3213 1016 3292; x_wconf 82' lang='grc'><strong>44,</strong></span> <span class='ocrx_word' id='word_1_309' title='bbox 1039 3214 1068 3274; x_wconf 92' lang='lat' dir='ltr'><strong>in</strong></span> <span class='ocrx_word' id='word_1_310' title='bbox 1088 3231 1148 3293; x_wconf 93' lang='lat' dir='ltr'><strong>quo</strong></span> <span class='ocrx_word' id='word_1_311' title='bbox 1169 3213 1256 3274; x_wconf 87' lang='lat' dir='ltr'><strong>codd.</strong></span> <span class='ocrx_word' id='word_1_312' title='bbox 1274 3209 1410 3295; x_wconf 73' lang='grc' dir='ltr'><em>ἅνθρω-</em></span> 
     </span>
     <span class='ocr_line' id='line_1_34' title="bbox 271 3289 1412 3376; baseline 0.002 -16"><span class='ocrx_word' id='word_1_313' title='bbox 271 3318 339 3360; x_wconf 74' lang='grc' dir='ltr'><em>ιινν</em></span> <span class='ocrx_word' id='word_1_314' title='bbox 361 3289 403 3362; x_wconf 78' lang='grc' dir='ltr'><strong>οὐ</strong></span> <span class='ocrx_word' id='word_1_315' title='bbox 427 3293 536 3371; x_wconf 72' lang='grc' dir='ltr'><em>δέδια,</em></span> <span class='ocrx_word' id='word_1_316' title='bbox 568 3298 650 3375; x_wconf 93' lang='lat' dir='ltr'><strong>quod</strong></span> <span class='ocrx_word' id='word_1_317' title='bbox 680 3305 882 3362; x_wconf 86' lang='lat' dir='ltr'><strong>correxerunt</strong></span> <span class='ocrx_word' id='word_1_318' title='bbox 911 3298 1010 3362; x_wconf 77' lang='lat' dir='ltr'><strong>octe</strong></span> <span class='ocrx_word' id='word_1_319' title='bbox 1036 3292 1074 3364; x_wconf 79' lang='grc' dir='ltr'><strong>οὐ</strong></span> <span class='ocrx_word' id='word_1_320' title='bbox 1105 3293 1184 3364; x_wconf 75' lang='grc' dir='ltr'><em>δι’δι’</em></span> <span class='ocrx_word' id='word_1_321' title='bbox 1207 3294 1412 3376; x_wconf 72' lang='grc' dir='ltr'><em>ἅνθρααονς</em></span> 
     </span>
     <span class='ocr_line' id='line_1_35' title="bbox 270 3381 1412 3464; baseline 0.004 -21"><span class='ocrx_word' id='word_1_322' title='bbox 270 3382 382 3443; x_wconf 85' lang='lat' dir='ltr'><strong>ibidem</strong></span> <span class='ocrx_word' id='word_1_323' title='bbox 404 3382 434 3440; x_wconf 95' lang='lat' dir='ltr'><strong>in</strong></span> <span class='ocrx_word' id='word_1_324' title='bbox 452 3381 546 3459; x_wconf 78' lang='lat' dir='ltr'><strong>qley</strong></span> <span class='ocrx_word' id='word_1_325' title='bbox 570 3383 663 3461; x_wconf 73' lang='grc' dir='ltr'><strong>σῶμα</strong></span> <span class='ocrx_word' id='word_1_326' title='bbox 686 3383 774 3464; x_wconf 75' lang='grc' dir='ltr'><strong>μέγα</strong></span> <span class='ocrx_word' id='word_1_327' title='bbox 798 3387 905 3444; x_wconf 90' lang='lat' dir='ltr'><strong>nescio</strong></span> <span class='ocrx_word' id='word_1_328' title='bbox 928 3401 989 3462; x_wconf 89' lang='lat' dir='ltr'><strong>quo</strong></span> <span class='ocrx_word' id='word_1_329' title='bbox 1012 3402 1085 3448; x_wconf 90' lang='lat' dir='ltr'><strong>casu</strong></span> <span class='ocrx_word' id='word_1_330' title='bbox 1109 3385 1228 3446; x_wconf 81' lang='lat' dir='ltr'><strong>invasit.</strong></span> <span class='ocrx_word' id='word_1_331' title='bbox 1271 3382 1412 3449; x_wconf 88' lang='lat' dir='ltr'><strong>Proximo</strong></span> 
     </span>
     <span class='ocr_line' id='line_1_36' title="bbox 271 3459 1413 3552; baseline 0.005 -24"><span class='ocrx_word' id='word_1_332' title='bbox 271 3485 298 3528; x_wconf 88' lang='lat' dir='ltr'><strong>v.</strong></span> <span class='ocrx_word' id='word_1_333' title='bbox 322 3483 429 3528; x_wconf 90' lang='lat' dir='ltr'><strong>omnes</strong></span> <span class='ocrx_word' id='word_1_334' title='bbox 455 3472 562 3528; x_wconf 86' lang='lat' dir='ltr'><strong>tenent</strong></span> <span class='ocrx_word' id='word_1_335' title='bbox 588 3463 690 3546; x_wconf 82' lang='grc' dir='ltr'><em>διιριιν</em></span> <span class='ocrx_word' id='word_1_336' title='bbox 714 3459 879 3531; x_wconf 78' lang='grc' dir='ltr'><em>δδιιυλον</em></span> <span class='ocrx_word' id='word_1_337' title='bbox 900 3467 1098 3533; x_wconf 76' lang='grc' dir='ltr'><em>καταδδκνω</em></span> <span class='ocrx_word' id='word_1_338' title='bbox 1120 3468 1189 3552; x_wconf 86' lang='lat' dir='ltr'><strong>(nisi</strong></span> <span class='ocrx_word' id='word_1_339' title='bbox 1213 3472 1293 3552; x_wconf 92' lang='lat' dir='ltr'><strong>quod</strong></span> <span class='ocrx_word' id='word_1_340' title='bbox 1316 3472 1413 3552; x_wconf 88' lang='lat' dir='ltr'><strong>pleri-</strong></span> 
     </span>
     <span class='ocr_line' id='line_1_37' title="bbox 272 3549 1414 3637; baseline 0.005 -23"><span class='ocrx_word' id='word_1_341' title='bbox 272 3570 331 3634; x_wconf 85' lang='lat' dir='ltr'><strong>que</strong></span> <span class='ocrx_word' id='word_1_342' title='bbox 356 3552 485 3634; x_wconf 84' lang='lat' dir='ltr'><strong>simplex</strong></span> <span class='ocrx_word' id='word_1_343' title='bbox 509 3549 645 3635; x_wconf 80' lang='grc' dir='ltr'><em>δδιινα),</em></span> <span class='ocrx_word' id='word_1_344' title='bbox 678 3552 796 3614; x_wconf 88' lang='lat' dir='ltr'><strong>ubine</strong></span> <span class='ocrx_word' id='word_1_345' title='bbox 825 3552 859 3614; x_wconf 90' lang='lat' dir='ltr'><strong>H.</strong></span> <span class='ocrx_word' id='word_1_346' title='bbox 887 3551 1061 3636; x_wconf 86' lang='lat' dir='ltr'><strong>Stephanus</strong></span> <span class='ocrx_word' id='word_1_347' title='bbox 1091 3557 1211 3637; x_wconf 80' lang='lat' dir='ltr'><strong>quidem</strong></span> <span class='ocrx_word' id='word_1_348' title='bbox 1242 3575 1333 3620; x_wconf 87' lang='lat' dir='ltr'><strong>ausus</strong></span> <span class='ocrx_word' id='word_1_349' title='bbox 1366 3566 1414 3620; x_wconf 91' lang='lat' dir='ltr'><strong>nst</strong></span> 
     </span>
     <span class='ocr_line' id='line_1_38' title="bbox 271 3637 1413 3726; baseline 0.004 -25"><span class='ocrx_word' id='word_1_350' title='bbox 271 3640 365 3702; x_wconf 89' lang='lat' dir='ltr'><strong>rerba</strong></span> <span class='ocrx_word' id='word_1_351' title='bbox 392 3647 602 3720; x_wconf 88' lang='lat' dir='ltr'><strong>transponere.</strong></span> <span class='ocrx_word' id='word_1_352' title='bbox 652 3638 771 3701; x_wconf 88' lang='lat' dir='ltr'><strong>Deinde</strong></span> <span class='ocrx_word' id='word_1_353' title='bbox 800 3658 827 3701; x_wconf 90' lang='lat' dir='ltr'><strong>v.</strong></span> <span class='ocrx_word' id='word_1_354' title='bbox 852 3641 892 3698; x_wconf 85' lang='grc'><strong>46</strong></span> <span class='ocrx_word' id='word_1_355' title='bbox 917 3646 1032 3706; x_wconf 77' lang='grc' dir='ltr'><em>ἵκανεν</em></span> <span class='ocrx_word' id='word_1_356' title='bbox 1055 3637 1160 3726; x_wconf 82' lang='grc' dir='ltr'><em>ἄνδρα</em></span> <span class='ocrx_word' id='word_1_357' title='bbox 1184 3644 1324 3706; x_wconf 89' lang='lat' dir='ltr'><strong>traditum</strong></span> <span class='ocrx_word' id='word_1_358' title='bbox 1350 3653 1413 3722; x_wconf 88' lang='lat' dir='ltr'><strong>est;</strong></span> 
     </span>
     <span class='ocr_line' id='line_1_39' title="bbox 273 3723 1413 3806; baseline 0.004 -20"><span class='ocrx_word' id='word_1_359' title='bbox 273 3725 353 3806; x_wconf 90' lang='lat' dir='ltr'><strong>quod</strong></span> <span class='ocrx_word' id='word_1_360' title='bbox 382 3729 452 3805; x_wconf 87' lang='lat' dir='ltr'><strong>quia</strong></span> <span class='ocrx_word' id='word_1_361' title='bbox 481 3723 631 3786; x_wconf 90' lang='lat' dir='ltr'><strong>Homerus</strong></span> <span class='ocrx_word' id='word_1_362' title='bbox 660 3726 799 3804; x_wconf 87' lang='lat' dir='ltr'><strong>producit</strong></span> <span class='ocrx_word' id='word_1_363' title='bbox 826 3724 953 3788; x_wconf 89' lang='lat' dir='ltr'><strong>mediam</strong></span> <span class='ocrx_word' id='word_1_364' title='bbox 985 3728 1072 3790; x_wconf 85' lang='lat' dir='ltr'><strong>verbi</strong></span> <span class='ocrx_word' id='word_1_365' title='bbox 1100 3726 1220 3806; x_wconf 80' lang='grc' dir='ltr'><em>ἱκάνω,</em></span> <span class='ocrx_word' id='word_1_366' title='bbox 1253 3730 1413 3793; x_wconf 85' lang='lat' dir='ltr'><strong>Ernestius</strong></span> 
     </span>
     <span class='ocr_line' id='line_1_40' title="bbox 271 3808 1412 3896; baseline 0.005 -24"><span class='ocrx_word' id='word_1_367' title='bbox 271 3813 472 3891; x_wconf 87' lang='lat' dir='ltr'><strong>transposuit;</strong></span> <span class='ocrx_word' id='word_1_368' title='bbox 506 3829 532 3871; x_wconf 88' lang='lat' dir='ltr'><strong>v.</strong></span> <span class='ocrx_word' id='word_1_369' title='bbox 556 3808 745 3891; x_wconf 85' lang='lat' dir='ltr'><strong>Spitznerum</strong></span> <span class='ocrx_word' id='word_1_370' title='bbox 767 3811 848 3874; x_wconf 89' lang='lat' dir='ltr'><strong>lnstt.</strong></span> <span class='ocrx_word' id='word_1_371' title='bbox 872 3813 953 3876; x_wconf 90' lang='lat' dir='ltr'><strong>Pros.</strong></span> <span class='ocrx_word' id='word_1_372' title='bbox 978 3814 1027 3876; x_wconf 87' lang='lat' dir='ltr'><strong>Gr.</strong></span> <span class='ocrx_word' id='word_1_373' title='bbox 1049 3822 1067 3888; x_wconf 74' lang='lat' dir='ltr'><strong>s</strong></span> <span class='ocrx_word' id='word_1_374' title='bbox 1092 3815 1141 3896; x_wconf 85' lang='lat'><strong>51,</strong></span> <span class='ocrx_word' id='word_1_375' title='bbox 1164 3815 1192 3896; x_wconf 83' lang='lat'><strong>2,</strong></span> <span class='ocrx_word' id='word_1_376' title='bbox 1221 3817 1245 3879; x_wconf 89' lang='lat' dir='ltr'><strong>l.</strong></span> <span class='ocrx_word' id='word_1_377' title='bbox 1295 3817 1355 3880; x_wconf 79' lang='lat' dir='ltr'><strong>Sed</strong></span> <span class='ocrx_word' id='word_1_378' title='bbox 1381 3819 1412 3878; x_wconf 92' lang='lat' dir='ltr'><strong>in</strong></span> 
     </span>
     <span class='ocr_line' id='line_1_41' title="bbox 272 3898 1411 3981; baseline 0.004 -21"><span class='ocrx_word' id='word_1_379' title='bbox 272 3901 413 3979; x_wconf 85' lang='lat' dir='ltr'><strong>sequenti</strong></span> <span class='ocrx_word' id='word_1_380' title='bbox 436 3899 476 3961; x_wconf 88' lang='lat' dir='ltr'><strong>ita</strong></span> <span class='ocrx_word' id='word_1_381' title='bbox 499 3903 530 3958; x_wconf 88' lang='lat' dir='ltr'><strong>ut</strong></span> <span class='ocrx_word' id='word_1_382' title='bbox 551 3898 581 3956; x_wconf 92' lang='lat' dir='ltr'><strong>in</strong></span> <span class='ocrx_word' id='word_1_383' title='bbox 606 3914 633 3956; x_wconf 92' lang='lat' dir='ltr'><strong>v.</strong></span> <span class='ocrx_word' id='word_1_384' title='bbox 653 3898 693 3956; x_wconf 83' lang='grc'><strong>42</strong></span> <span class='ocrx_word' id='word_1_385' title='bbox 716 3898 879 3962; x_wconf 83' lang='lat' dir='ltr'><strong>Barnesius</strong></span> <span class='ocrx_word' id='word_1_386' title='bbox 904 3901 1023 3970; x_wconf 84' lang='lat' dir='ltr'><strong>demum</strong></span> <span class='ocrx_word' id='word_1_387' title='bbox 1047 3903 1165 3965; x_wconf 84' lang='lat' dir='ltr'><strong>sustulit</strong></span> <span class='ocrx_word' id='word_1_388' title='bbox 1188 3919 1284 3981; x_wconf 82' lang='lat' dir='ltr'><strong>grave</strong></span> <span class='ocrx_word' id='word_1_389' title='bbox 1308 3904 1411 3966; x_wconf 81' lang='lat' dir='ltr'><strong>vitiem</strong></span> 
     </span>
     <span class='ocr_line' id='line_1_42' title="bbox 270 3977 1413 4068; baseline 0.003 -19"><span class='ocrx_word' id='word_1_390' title='bbox 270 3977 457 4067; x_wconf 67' lang='grc' dir='ltr'><em>ἀνέφυγεν.</em></span> <span class='ocrx_word' id='word_1_391' title='bbox 502 3981 629 4045; x_wconf 81' lang='lat' dir='ltr'><strong>Accedit</strong></span> <span class='ocrx_word' id='word_1_392' title='bbox 643 3981 778 4066; x_wconf 84' lang='lat' dir='ltr'><strong>deniqne</strong></span> <span class='ocrx_word' id='word_1_393' title='bbox 799 4005 828 4046; x_wconf 87' lang='lat' dir='ltr'><strong>r.</strong></span> <span class='ocrx_word' id='word_1_394' title='bbox 848 3987 898 4068; x_wconf 83' lang='grc'><strong>48,</strong></span> <span class='ocrx_word' id='word_1_395' title='bbox 919 3989 971 4051; x_wconf 77' lang='grc' dir='ltr'><em>αλιι</em></span> <span class='ocrx_word' id='word_1_396' title='bbox 994 3989 1089 4051; x_wconf 83' lang='lat' dir='ltr'><strong>ceteri</strong></span> <span class='ocrx_word' id='word_1_397' title='bbox 1107 4005 1217 4055; x_wconf 70' lang='lat' dir='ltr'><strong>,omnes</strong></span> <span class='ocrx_word' id='word_1_398' title='bbox 1240 3981 1324 4056; x_wconf 73' lang='grc' dir='ltr'><em>ἄλλα</em></span> <span class='ocrx_word' id='word_1_399' title='bbox 1345 3986 1413 4056; x_wconf 74' lang='grc' dir='ltr'><strong>δύω</strong></span> 
     </span>
     <span class='ocr_line' id='line_1_43' title="bbox 271 4059 1412 4158; baseline 0.005 -26"><span class='ocrx_word' id='word_1_400' title='bbox 271 4059 365 4148; x_wconf 79' lang='grc' dir='ltr'><em>μάλα</em></span> <span class='ocrx_word' id='word_1_401' title='bbox 386 4069 502 4135; x_wconf 74' lang='grc' dir='ltr'><em>πάντα</em></span> <span class='ocrx_word' id='word_1_402' title='bbox 524 4062 565 4135; x_wconf 77' lang='grc' dir='ltr'><strong>ταὶ</strong></span> <span class='ocrx_word' id='word_1_403' title='bbox 588 4068 705 4143; x_wconf 70' lang='grc' dir='ltr'><em>δείδια,</em></span> <span class='ocrx_word' id='word_1_404' title='bbox 728 4071 783 4134; x_wconf 85' lang='lat' dir='ltr'><strong>sed</strong></span> <span class='ocrx_word' id='word_1_405' title='bbox 806 4070 893 4134; x_wconf 74' lang='lat' dir='ltr'><strong>nea</strong></span> <span class='ocrx_word' id='word_1_406' title='bbox 914 4068 1008 4156; x_wconf 76' lang='grc' dir='ltr'><em>μάλα</em></span> <span class='ocrx_word' id='word_1_407' title='bbox 1027 4066 1177 4148; x_wconf 73' lang='grc' dir='ltr'><em>πάντων,</em></span> <span class='ocrx_word' id='word_1_408' title='bbox 1200 4075 1280 4158; x_wconf 88' lang='lat' dir='ltr'><strong>quod</strong></span> <span class='ocrx_word' id='word_1_409' title='bbox 1299 4083 1412 4140; x_wconf 86' lang='lat' dir='ltr'><strong>mutato</strong></span> 
     </span>
     <span class='ocr_line' id='line_1_44' title="bbox 271 4154 1412 4243; baseline 0.008 -29"><span class='ocrx_word' id='word_1_410' title='bbox 271 4155 435 4216; x_wconf 86' lang='lat' dir='ltr'><strong>verborum</strong></span> <span class='ocrx_word' id='word_1_411' title='bbox 466 4156 575 4218; x_wconf 90' lang='lat' dir='ltr'><strong>ordine</strong></span> <span class='ocrx_word' id='word_1_412' title='bbox 604 4163 727 4237; x_wconf 86' lang='lat' dir='ltr'><strong>propter</strong></span> <span class='ocrx_word' id='word_1_413' title='bbox 754 4175 900 4221; x_wconf 91' lang='lat' dir='ltr'><strong>numeros</strong></span> <span class='ocrx_word' id='word_1_414' title='bbox 931 4154 1070 4226; x_wconf 78' lang='lat' dir='ltr'><strong>adurae</strong></span> <span class='ocrx_word' id='word_1_415' title='bbox 1099 4159 1193 4240; x_wconf 78' lang='grc' dir='ltr'><em>μάλα</em></span> <span class='ocrx_word' id='word_1_416' title='bbox 1222 4161 1412 4243; x_wconf 90' lang='lat' dir='ltr'><strong>probandum</strong></span> 
     </span>
     <span class='ocr_line' id='line_1_45' title="bbox 273 4239 1412 4330; baseline 0.009 -29"><span class='ocrx_word' id='word_1_417' title='bbox 273 4247 327 4301; x_wconf 89' lang='lat' dir='ltr'><strong>est.</strong></span> <span class='ocrx_word' id='word_1_418' title='bbox 371 4239 445 4302; x_wconf 90' lang='lat' dir='ltr'><strong>Nam</strong></span> <span class='ocrx_word' id='word_1_419' title='bbox 471 4243 564 4304; x_wconf 87' lang='lat' dir='ltr'><strong>altera</strong></span> <span class='ocrx_word' id='word_1_420' title='bbox 587 4242 676 4306; x_wconf 89' lang='lat' dir='ltr'><strong>lectio</strong></span> <span class='ocrx_word' id='word_1_421' title='bbox 699 4261 739 4308; x_wconf 90' lang='lat' dir='ltr'><strong>ex</strong></span> <span class='ocrx_word' id='word_1_422' title='bbox 753 4243 954 4325; x_wconf 67' lang='lat' dir='ltr'><strong>glossemate,</strong></span> <span class='ocrx_word' id='word_1_423' title='bbox 980 4246 1010 4306; x_wconf 89' lang='lat' dir='ltr'><strong>ni</strong></span> <span class='ocrx_word' id='word_1_424' title='bbox 1032 4243 1129 4326; x_wconf 85' lang='lat' dir='ltr'><strong>tollor,</strong></span> <span class='ocrx_word' id='word_1_425' title='bbox 1152 4249 1296 4328; x_wconf 82' lang='lat' dir='ltr'><strong>prosecta,</strong></span> <span class='ocrx_word' id='word_1_426' title='bbox 1321 4267 1412 4330; x_wconf 89' lang='lat' dir='ltr'><strong>quarn</strong></span> 
     </span>
     <span class='ocr_line' id='line_1_46' title="bbox 271 4327 1413 4410; baseline 0.011 -24"><span class='ocrx_word' id='word_1_427' title='bbox 271 4327 392 4405; x_wconf 88' lang='lat' dir='ltr'><strong>priores</strong></span> <span class='ocrx_word' id='word_1_428' title='bbox 421 4327 604 4409; x_wconf 88' lang='lat' dir='ltr'><strong>interpretes</strong></span> <span class='ocrx_word' id='word_1_429' title='bbox 634 4328 849 4410; x_wconf 80' lang='lat' dir='ltr'><strong>defenderant,</strong></span> <span class='ocrx_word' id='word_1_430' title='bbox 880 4337 967 4393; x_wconf 89' lang='lat' dir='ltr'><strong>reete</strong></span> <span class='ocrx_word' id='word_1_431' title='bbox 985 4351 1010 4394; x_wconf 86' lang='lat' dir='ltr'><strong>-a</strong></span> <span class='ocrx_word' id='word_1_432' title='bbox 1038 4330 1199 4395; x_wconf 84' lang='lat' dir='ltr'><strong>Matthiaeo</strong></span> <span class='ocrx_word' id='word_1_433' title='bbox 1226 4334 1340 4400; x_wconf 90' lang='lat' dir='ltr'><strong>reiecta</strong></span> <span class='ocrx_word' id='word_1_434' title='bbox 1367 4342 1413 4398; x_wconf 89' lang='lat' dir='ltr'><strong>est</strong></span> 
     </span>
     <span class='ocr_line' id='line_1_47' title="bbox 272 4412 1410 4500; baseline 0.011 -26"><span class='ocrx_word' id='word_1_435' title='bbox 272 4419 397 4476; x_wconf 89' lang='lat' dir='ltr'><strong>auctore</strong></span> <span class='ocrx_word' id='word_1_436' title='bbox 419 4412 602 4497; x_wconf 87' lang='lat' dir='ltr'><strong>Hermanno,</strong></span> <span class='ocrx_word' id='word_1_437' title='bbox 626 4418 676 4498; x_wconf 92' lang='lat' dir='ltr'><strong>qui</strong></span> <span class='ocrx_word' id='word_1_438' title='bbox 698 4418 734 4482; x_wconf 90' lang='lat' dir='ltr'><strong>ad</strong></span> <span class='ocrx_word' id='word_1_439' title='bbox 753 4417 898 4498; x_wconf 83' lang='lat' dir='ltr'><strong>lligerurn</strong></span> <span class='ocrx_word' id='word_1_440' title='bbox 922 4437 949 4498; x_wconf 93' lang='lat' dir='ltr'><strong>p.</strong></span> <span class='ocrx_word' id='word_1_441' title='bbox 964 4417 1025 4478; x_wconf 77' lang='lat'><strong>722</strong></span> <span class='ocrx_word' id='word_1_442' title='bbox 1049 4420 1189 4500; x_wconf 84' lang='lat' dir='ltr'><strong>exposuit</strong></span> <span class='ocrx_word' id='word_1_443' title='bbox 1210 4412 1275 4486; x_wconf 81' lang='grc' dir='ltr'><strong>δύα</strong></span> <span class='ocrx_word' id='word_1_444' title='bbox 1295 4417 1410 4486; x_wconf 78' lang='lat' dir='ltr'><strong>ardere</strong></span> 
     </span>
    </p>
   </div>
   <div class='ocr_carea' id='block_1_3' title="bbox 0 0 1577 5220">
    <p class='ocr_par' dir='ltr' id='par_1_4' title="bbox 0 0 1577 5220">
     <span class='ocr_line' id='line_1_48' title="bbox 0 0 1577 5220; baseline 0 0"><span class='ocrx_word' id='word_1_445' title='bbox 0 0 1577 5220; x_wconf 95' lang='lat' dir='ltr'><strong> </strong></span> 
     </span>
    </p>
   </div>
  </div>
 </body>
</html>
