3124 5220
209 747 212 753 .
291 705 350 768 que
372 693 424 748 tex
457 702 472 746 s

840 247 863 318 θ

286 427 379 494 lrnmo
403 427 597 494 fundamenta
621 422 749 490 aedilicii
780 432 848 489 suat
878 424 1101 507 aggredienda,
1138 423 1297 489 visendum
1319 427 1427 510 solum,

288 519 365 580 sitne
389 517 461 582 satis
483 513 617 589 firmum;
646 511 760 575 incerta
785 520 874 594 atque
896 512 1044 574 instabilia
1068 516 1136 574 sunt
1159 512 1365 594 demolienda,
1388 531 1428 576 ne

289 601 381 664 aedes
405 597 463 662 lev'
487 617 501 661 s
524 604 693 661 exstructas
716 599 813 660 subita
836 599 922 660 ruina
945 615 1047 661 secum
1070 597 1198 660 trabant.
1242 597 1313 660 Tela
1337 599 1429 662 deni-

424 617 484 761 tf
495 685 668 765 verborum,
690 689 722 744 ut
743 702 804 746 uno
827 685 922 745 verbo
946 683 1052 765 dicam,
1076 690 1122 745 est
1144 682 1320 764 retexenda,
1344 691 1378 748 ut
1399 692 1429 746 et

289 772 359 853 quid
390 773 430 835 sit
457 776 601 852 appareat
628 777 658 830 ct
687 769 758 849 quid
788 769 855 830 fieri
882 769 976 849 possit
999 787 1039 830 ex
1060 788 1097 831 ea
1121 785 1200 849 quae
1224 769 1312 831 nobis
1334 776 1429 833 restat

288 859 422 922 materia.
445 893 485 903 —-
516 856 644 918 Primum
667 855 770 936 igitur,
794 862 826 916 ut
848 854 885 916 ad
908 871 972 916 rem
997 855 1093 935 ipsam
1115 853 1276 935 aliquando
1299 855 1429 936 veniam,

288 943 496 1023 superstitiosa
519 941 579 1004 sade
608 941 798 1020 antiquarum
821 938 985 1002 editionum
1008 939 1114 1021 procul
1136 939 1235 1001 habita
1260 939 1296 1004 ad
1319 939 1428 1022 tontes,

288 1029 317 1091 id
345 1036 392 1090 est
414 1019 450 1094 ad
480 1028 601 1090 codices
631 1033 794 1106 ceteraque
824 1025 958 1088 subsidia
987 1033 1033 1087 est
1061 1024 1265 1107 redeundum,
1298 1033 1328 1086 ut
1356 1027 1428 1107 quid

286 1115 431 1181 traditum*
450 1114 488 1174 sit
510 1113 556 1174 bis
586 1110 847 1191 qualibuscunque
877 1111 1019 1192 testibus,
1051 1118 1191 1174 accurate
1215 1120 1428 1190 cognoscatur.

288 1194 449 1263 codicibus
472 1205 572 1260 autem
594 1213 670 1259 usus
693 1211 758 1258 sum
782 1196 845 1278 bis,
868 1213 997 1278 quorum
1018 1198 1156 1278 nomina,
1178 1203 1209 1258 ut
1232 1196 1335 1259 brevis
1357 1215 1429 1260 esse

287 1302 425 1366 possem,
448 1283 554 1347 litteris
576 1282 720 1363 appositis
743 1285 927 1362 permutavi:

287 1373 315 1433 A
338 1366 531 1432 Oxonienses
555 1367 630 1449 duo,
662 1385 742 1428 num.
764 1367 855 1429 XLVI
878 1375 907 1428 et
929 1365 1018 1428 LXIV
1042 1366 1242 1429 bibliothecae
1265 1365 1429 1430 Buroccia-

289 1460 315 1519 G
337 1474 410 1537 nae,
445 1453 613 1533 chartacei,
646 1453 759 1532 signati
781 1450 820 1516 A
841 1459 869 1514 et
892 1453 926 1518 Γ
949 1450 1029 1532 apud
1057 1451 1249 1534 Barncsium,
1280 1453 1312 1513 in
1341 1455 1428 1518 cuius

329 1559 417 1605 usum
448 1557 501 1603 eos
531 1540 645 1621 primus
676 1537 799 1600 contulit
828 1538 958 1601 lbomas
986 1536 1116 1599 llearne.
1162 1536 1219 1609 Qui
1249 1539 1294 1600 vir
1322 1537 1429 1602 doctus

331 1634 496 1708 quum'ex
527 1626 606 1688 notis
637 1622 774 1687 Barnesii
793 1624 877 1686 'mibi
909 1623 1066 1686 videretur
1097 1623 1188 1684 multa
1224 1624 1429 1704 negligentius

329 1712 508 1774 tractavisse
526 1710 673 1793 parvique
695 1711 881 1790 aestimasse,
905 1727 984 1788 quae
1007 1724 1064 1769 uos
1086 1707 1344 1790 magnifacimus,
1366 1729 1428 1792 ego

331 1798 505 1880 parvinum
529 1797 571 1859 lll.
595 1793 734 1858 Carolum
757 1794 890 1858 Badbam
922 1795 1095 1874 impetravi,
1128 1801 1159 1855 ut
1187 1792 1287 1856 denuo
1310 1795 1429 1858 collatio

331 1884 547 1964 institueretur,
573 1899 652 1962 quae
675 1881 753 1944 lacta
776 1881 1004 1962 diligentissime
1028 1886 1075 1942 est
1096 1879 1133 1942 ab
1155 1879 1181 1941 l.
1192 1879 1227 1940 D.
1249 1879 1307 1942 lles
1329 1881 1365 1943 V.
1384 1881 1430 1961 b,

331 1970 382 2050 qui
405 1969 492 2030 simul
516 1967 671 2046 rescripsit
693 1966 830 2028 Barnesii
853 1966 970 2045 eulpam
998 1980 1083 2044 esse,
1117 1965 1198 2047 qood
1227 1967 1336 2044 multis
1354 1966 1429 2030 locis

330 2053 531 2133 dubitaretur,
553 2067 613 2113 non
637 2049 777 2131 Hearuii,
805 2052 891 2132 cujus
914 2049 1106 2112 collationem
1129 2056 1280 2112 ¹servatam
1303 2053 1334 2113 in
1357 2053 1428 2114 bibl.

329 2136 493 2200 Bodleiana
528 2138 600 2199 satis
635 2143 775 2198 accurate
805 2136 913 2198 factam
943 2136 1010 2216 ipsc
1038 2134 1169 2198 vidisset.
1221 2134 1309 2200 Nunc
1337 2139 1429 2217 igitur

330 2225 461 2305 cognovi
483 2222 550 2303 plus
574 2223 764 2302 septuaginta
786 2221 861 2285 locis
883 2219 1061 2284 Barnesium
1084 2221 1133 2282 vel
1154 2220 1283 2284 tacendo
1306 2223 1356 2286 vel
1379 2224 1429 2285 di-

331 2309 429 2372 cendo
449 2309 527 2371 falsa
551 2306 589 2388 de
612 2307 657 2368 bis
680 2307 764 2370 libris
786 2305 963 2386 tradidisse,
991 2305 1140 2368 interdum
1164 2323 1202 2368 eo
1225 2307 1368 2390 oonsilio,
1395 2316 1427 2372 ut

330 2395 538 2457 auctoritatem
560 2393 742 2454 coniecturis
765 2395 828 2455 suis
853 2392 1008 2455 tribueret.
1097 2427 1099 2434 ·

286 2501 304 2543 a
331 2478 514 2542 oxoniensis
537 2475 675 2540 Barnesii
698 2475 742 2556 B,
765 2479 845 2542 inter
866 2476 1071 2540 Baroccianos
1094 2475 1135 2558 L,
1166 2477 1428 2562 membranaceus,

331 2565 456 2628 collatus
479 2563 641 2626 abeodem
663 2563 804 2646 lletarnio,
827 2564 957 2628 fortasse
980 2579 1043 2624 non
1067 2561 1174 2626 melius
1195 2569 1348 2645 tractatus,
1372 2565 1427 2629 sed

332 2651 369 2713 ab
388 2650 443 2713 illis
462 2655 575 2710 tantum
596 2657 739 2729 quantum
760 2667 832 2712 acra
854 2650 962 2730 lupinis
981 2648 1095 2712 distans
1117 2665 1219 2729 neque
1237 2649 1358 2732 dignus,
1377 2653 1428 2733 qui

330 2739 438 2799 iterum
462 2737 638 2797 excutiatur.

286 2843 308 2905 p
332 2823 556 2886 membranacei
582 2819 642 2881 duo
671 2843 692 2883 u
723 2825 753 2881 et
777 2820 806 2966 fi
835 2836 875 2881 ex
896 2818 981 2882 libris
1004 2817 1137 2882 'lbomae
1160 2817 1243 2881 Goba
1265 2822 1428 2904 Armigeri,

289 2912 307 2971 b
334 2909 383 2990 qni
409 2925 513 2971 eorum
537 2907 654 2986 copiam
679 2903 755 2969 iecit*
808 2906 948 2968 aittairio.
990 2905 1020 2968 ls
1042 2903 1269 2985 diligentissime
1293 2923 1348 2970 eos
1372 2909 1429 2970 de-

289 3015 307 3055 c
336 2994 455 3074 scripsit
476 2991 660 3072 contulitque
682 2989 769 3053 simul
789 3009 857 3054 curn
880 2990 1051 3070 fragmento
1073 2989 1186 3054 codicis
1206 2991 1304 3055 littera
1325 3017 1347 3080 γ
1368 3011 1429 3057 no-

330 3081 397 3160 tati,
426 3079 456 3140 in
480 3096 540 3159 quo
563 3078 665 3140 insunt
685 3093 734 3138 vv.
758 3076 918 3138 31-153.

289 3166 311 3226 d
332 3167 474 3248 princeps
493 3164 581 3245 hujus
603 3164 745 3225 carminis
766 3162 857 3225 editio
880 3161 985 3224 Venet.
1013 3161 1109 3242 1486,
1132 3177 1221 3240 quam
1243 3180 1300 3244 pro
1322 3163 1428 3228 codice

331 3250 500 3313 habendam
523 3265 615 3330 supra
638 3249 708 3312 dixi.

289 3335 584 3400 uVindobonenses
611 3351 690 3396 num.
711 3333 772 3392 293
796 3340 825 3394 et
847 3333 904 3392 241
917 3380 926 3412 ‚
960 3349 1088 3412 quoram
1118 3331 1265 3396 lectiones
1288 3343 1429 3399 accurate

288 3443 306 3483 e
333 3425 464 3485 enotavit
495 3419 617 3482 Alteros
649 3421 680 3481 in
713 3417 844 3482 editione
873 3417 999 3480 llomeri
1030 3416 1188 3500 Odysseae
1219 3417 1305 3481 Vind.
1336 3421 1429 3483 trel.

331 3507 449 3571 lartius
473 3509 523 3588 qui
546 3505 663 3569 accedit
684 3505 763 3586 apud
786 3504 915 3568 eundern
939 3521 1021 3566 num.
1044 3504 1121 3585 289,
1146 3504 1236 3585 plane
1259 3505 1429 3588 descriptus

333 3602 380 3656 est
402 3613 442 3657 ex
464 3593 633 3656 Oxoniensi
652 3611 681 3672 p.

287 3701 312 3742 aa
333 3679 522 3742 Florentinus
543 3679 622 3759 typis
645 3677 805 3758 eleganter
826 3691 994 3755 expressus
1016 3694 1034 3737 a
1052 3674 1198 3739 Fontenio
1215 3675 1292 3737 Flor.
1308 3684 1337 3739 et
1349 3677 1429 3760 lips.

336 3766 434 3848 1804,
468 3783 536 3827 cum
559 3762 743 3843 metaphrasi
765 3761 965 3842 interlineari,
998 3779 1077 3842 quae
1101 3761 1208 3824 dicitur
1230 3779 1301 3826 asse
1323 3763 1428 3828 l’beo-

333 3851 399 3914 dori
420 3851 532 3914 Gazae.

288 3957 310 4016 p
333 3937 500 4038 Lipsiensis
521 3953 602 3998 nnnc
625 3934 761 4016 signatus
785 3950 865 3996 num.
892 3932 990 4010 1275,
1013 3949 1074 4014 qno
1098 3949 1172 3995 usus
1195 3938 1240 3995 est
1261 3932 1428 4016 Ernestius,

334 4041 384 4104 qur
414 4040 515 4104 neque
543 4025 718 4083 constanter
744 4035 846 4099 neque
872 4021 944 4082 satis
967 4019 1128 4100 diligenter
1149 4020 1328 4100 scripturam
1348 4021 1430 4082 indi·

334 4109 422 4170 cavit.
467 4107 569 4180 Quare
597 4123 688 4188 quum
717 4124 733 4166 a
757 4104 869 4167 Tbeod.
893 4105 1012 4168 bloebio
1035 4105 1070 4166 V.
1093 4102 1136 4166 Ol.
1158 4122 1215 4185 per
1234 4105 1348 4168 litteras
1371 4125 1429 4186 pe-

333 4195 462 4273 tiissem,
492 4200 524 4256 ut
546 4192 682 4256 codicem
706 4191 796 4254 certis
819 4191 997 4273 quibusdam
1020 4190 1095 4260 locis
1117 4191 1295 4272 inspiceret,
1320 4191 1346 4252 is
1367 4209 1428 4255 non

334 4278 431 4341 solum
454 4277 492 4340 de
521 4279 559 4341 iis
586 4277 721 4358 benigne
749 4279 909 4339 certiorem
940 4293 989 4338 mo
1019 4277 1106 4358 lecit,
1134 4277 1189 4340 sed
1212 4280 1316 4338 auctor
1338 4280 1426 4340 etiarn

334 4363 402 4446 init,
437 4371 469 4427 ut
490 4362 665 4446 liudolphus
689 4361 827 4426 llercber
849 4361 882 4426 V.
905 4359 947 4425 Cl.
979 4362 1167 4428 collationem
1195 4360 1284 4424 buius
1313 4364 1428 4429 codicis
