3124 5220
127 459 208 522 mus,
230 441 316 504 cuius
330 459 409 520 quae
425 449 526 521 partes
543 441 656 506 tuerint
674 441 703 504 in
715 440 775 503 boc
793 441 927 502 carmine
942 441 1142 522 recensendo,
1167 441 1273 504 brevi-

128 535 179 590 ter
197 533 295 610 potest
313 527 448 588 iudicari.
495 526 593 598 Ouum
617 527 696 587 euim
720 526 837 588 videret
859 527 982 589 criticus
1005 530 1101 590 acerr'
1134 544 1180 607 ua,
1202 535 1273 590 tex-

128 621 194 676 tum
221 612 355 692 plurimis
384 611 460 675 locis
490 614 624 692 graviter
654 630 724 676 esse
751 612 883 693 laesum,
915 611 952 672 ad
980 547 1272 783 maiorzqusedam

128 703 264 762 intentus
286 697 382 761 uoluit
404 698 523 760 multam
548 716 672 778 operam
698 699 874 778 impendere
901 699 1029 778 siugulis
1055 699 1103 760 loc
1157 716 1273 762 sanau-

129 786 188 864 dis,
212 782 334 846 codices
358 791 516 864 corruptos
534 786 712 864 contempsit
731 785 866 864 satisque
883 782 986 848 habuit
1008 784 1270 864 primusfflacunas

131 869 304 950 complures
328 867 510 948 significare.
563 867 682 932 Salvum
709 870 801 949 igitur
824 876 916 931 totum
941 888 1063 932 carmen
1087 887 1157 947 esse
1181 888 1272 950 quum

131 961 278 1037 negaret,
307 962 478 1018 accuratam
508 957 716 1036 quaestionem
745 973 806 1018 non
830 957 952 1018 instituit
975 955 1012 1016 de
1035 955 1185 1039 nugisjad
1208 955 1273 1018 llo-

131 1045 210 1104 mari
234 1043 281 1102 sui
303 1040 478 1104 irrisionem
500 1048 533 1103 ιιι
553 1041 714 1104 videbatur
736 1042 919 1122 compositis,
944 1047 973 1102 et
996 1042 1048 1122 qui
1069 1041 1272 1117 Barnesiaucs

130 1132 245 1190 tantum
269 1125 392 1188 codices
417 1133 447 1186 et
467 1125 720 1190 vindobonenses
743 1127 893 1206 novisset,
927 1127 1094 1206 desperans
1119 1140 1218 1206 paene
1242 1128 1272 1188 in

130 1213 273 1291 Prolegg.
298 1230 327 1291 p.
353 1213 439 1295 255:-
465 1210 546 1287 „Hos
570 1220 694 1292 excute,
725 1229 858 1294 quaeso,
884 1212 1046 1290 exclamat,
1069 1220 1099 1274 at
1121 1196 1272 1299 duperire,

133 1317 173 1359 au
205 1296 387 1377 poematium
417 1297 585 1360 extundere
611 1317 651 1360 ex
677 1300 712 1361 iis
736 1299 850 1378 possis,
880 1297 969 1378 quale
991 1298 1080 1359 fuerit
1102 1296 1271 1376 prinumts

130 1383 198 1445 Nec
219 1381 355 1462 profecto
379 1382 496 1462 mirum,
519 1382 566 1442 hic
587 1384 614 1445 si
637 1384 745 1449 multos
767 1384 817 1445 tali
836 1383 914 1446 dicto
938 1383 975 1446 ab
998 1383 1181 1446 emendandi
1202 1401 1274 1445 car-

133 1468 224 1531 miuis
248 1467 373 1530 consilio
397 1467 586 1531 deterruerit.
1109 1533 1114 1540 ,

217 1552 327 1616 Pressa
339 1562 463 1616 secutus
479 1560 525 1616 est
535 1552 637 1616 Wolfii
647 1552 776 1634 vestigia
788 1551 911 1616 Bothius
934 1550 973 1634 (iu
990 1551 1075 1617 llam.
1092 1553 1163 1619 edit.
1176 1554 1207 1616 T.
1215 1551 1273 1635 vt),

132 1637 189 1701 sed
212 1644 312 1700 tamen
336 1656 373 1699 ea
395 1647 513 1718 sumpta
535 1639 671 1718 licentia,
700 1657 791 1719 quam
812 1638 906 1717 solat,
935 1645 967 1700 ut
988 1641 1178 1704 coniecturas
1201 1655 1272 1702 suas

133 1723 277 1786 effuderit
303 1723 511 1787 tumultuarias
541 1727 706 1805 specieque
735 1725 926 1804 ingeniosas,
958 1722 1013 1786 sed
1037 1741 1184 1806 nusquam
1207 1723 1273 1787 fere

133 1810 205 1872 huic
231 1817 341 1889 poetae
370 1811 598 1874 couvenientes.
639 1807 745 1889 ltaque
770 1827 841 1872 raro
865 1809 1006 1874 similium
1029 1809 1095 1872 tulit
1117 1811 1193 1874 locis
1215 1811 1271 1872 de-

132 1897 282 1976 pravatis,
303 1911 397 1960 sanos
419 1911 480 1959 uon
504 1897 544 1957 ita
566 1913 680 1977 paucos
703 1896 845 1974 corrupit.

221 1980 458 2046 Recentissimus
481 1981 578 2046 editor
600 1981 686 2046 adest
709 1979 786 2043 Frid.
808 1979 986 2060 Fraukius,
1004 1979 1056 2060 qui
1082 1981 1112 2041 ia
1136 1979 1275 2060 llymuo-

133 2083 201 2130 rum
222 2065 355 2130 editione
369 2065 737 2147 batiachomyomacbiam
759 2066 846 2127 brevi
869 2065 1061 2129 adnotatione
1077 2065 1192 2128 adiecta
1212 2084 1273 2131 uon

133 2158 194 2228 tam
219 2151 317 2214 obiter
338 2151 488 2232 tractarit,
515 2154 724 2233 quamprimo
747 2153 850 2214 obtutu
873 2149 970 2214 videri
991 2157 1106 2231 potest;
1137 2153 1274 2232 complu-

133 2255 186 2306 res
210 2239 290 2298 euim
318 2235 402 2299 locos
429 2238 577 2318 correxit,
606 2239 770 2309 nonnullos,
790 2238 878 2300 etiam
901 2240 1043 2317 purgavit
1066 2238 1102 2300 ab
1127 2237 1274 2302 aditorum

134 2329 166 2384 et
187 2323 325 2385 codicum
347 2323 526 2403 importunis
547 2322 837 2404 interpolationibus.
885 2320 945 2384 Sed
968 2339 1008 2382 ne
1029 2323 1055 2384 is
1077 2322 1196 2402 quidem
1220 2341 1274 2386 so-

122 2409 171 2469 ·lis
190 2407 345 2471 codicibus
360 2409 575 2470 ¹auctoritatem
596 2410 700 2473 tribuit
720 2427 822 2489 neque
845 2407 924 2469 iuter
945 2425 1002 2473 aas
1025 2407 1187 2472 discrimen
1210 2417 1275 2472 sta-

134 2494 205 2573 tuit,
237 2493 290 2556 sed
320 2493 410 2560 modu
438 2493 508 2558 binc
534 2493 623 2558 modo
650 2495 733 2558 illinc
757 2495 860 2559 libavit
882 2500 912 2558 et
933 2493 1086 2571 vulgatam
1109 2511 1203 2574 saepe
1224 2498 1275 2555 in-

135 2585 243 2640 tactam
260 2577 390 2660 reliquit,
412 2579 505 2642 itaut
527 2579 671 2644 nonnulla
694 2597 734 2642 ex
755 2579 801 2660 iis,
824 2595 904 2659 quaa
926 2579 956 2640 in
978 2577 1180 2642 Florentinum
1203 2599 1275 2642 cor-

135 2665 263 2726 rectoris
283 2683 377 2744 ,manu
400 2664 478 2730 illata
502 2665 578 2745 dixi,
611 2683 666 2746 per
691 2681 799 2729 omues
825 2663 973 2729 editiones
995 2672 1162 2745 propagata
1185 2667 1275 2728 etiam

135 2751 227 2812 badia
250 2750 286 2812 ab
309 2750 449 2813 omnibus
470 2751 619 2830 legantur.
662 2751 752 2814 Multa
775 2757 934 2832 praetcrea
958 2757 1042 2827 suut,
1066 2767 1146 2831 quaa
1168 2769 1275 2831 parum

135 2835 196 2901 fida
218 2835 355 2898 codicum
378 2837 643 2917 commendentur,
672 2838 760 2916 plura
786 2839 893 2916 etiam,
924 2834 975 2898 ubi
1003 2834 1175 2898 difficillima
1197 2838 1276 2898 inter

136 2923 237 2984 varias
260 2923 424 3002 scripturas
447 2923 485 2983 sit
504 2922 630 3001 electio,
656 2922 782 3002 plurima
804 2921 955 3000 denique,
982 2919 1033 2982 ubi
1057 2919 1194 2982 codicum
1217 2940 1276 3002 ope

137 3005 297 3087 desperata
325 3008 507 3072 coniecturis
536 3024 613 3088 opus
644 3009 681 3072 sit
709 3008 758 3072 vel
787 3005 1009 3071 audacioribus.
1056 3005 1130 3068 Nam
1156 3005 1277 3069 diisrcit-

136 3094 208 3153 limo
231 3110 353 3172 quoque
376 3094 443 3154 loco
466 3094 576 3158 factum
599 3101 654 3175 est,
677 3101 709 3159 ut
731 3111 809 3175 quae
828 3094 858 3160 in
877 3092 1049 3154 Florentina
1071 3098 1205 3156 exstaret
1226 3100 1278 3154 aut

138 3177 217 3258 apud
232 3177 354 3258 Lycium
374 3179 472 3256 lectio,
494 3199 531 3244 ea
553 3179 718 3259 paullulum
740 3186 851 3241 mutata
874 3185 1050 3242 servaretur
1068 3177 1105 3239 nd
1125 3186 1277 3242 nostram-

137 3282 197 3343 que
220 3271 347 3325 aetatem
372 3268 510 3342 superari
533 3264 612 3323 nulla
637 3265 773 3323 codicum
797 3263 998 3340 discrepantia
1021 3269 1134 3340 posset.

249 3416 273 3483 ξ.
293 3415 319 3466 2.
359 3415 400 3464 De
420 3411 583 3466 emendandi
600 3414 727 3466 carminis
745 3415 852 3466 ratione
872 3423 954 3484 atque
973 3412 1007 3464 de
1023 3412 1163 3465 subsidiis.

223 3514 277 3577 llis
307 3514 399 3577 rebus
429 3515 559 3596 cognitis
586 3514 674 3578 facile
703 3513 758 3578 fnit
789 3512 827 3576 ad
855 3510 1097 3593 intelligendum,
1129 3514 1200 3594 quid
1229 3517 1277 3594 sit,

140 3600 219 3682 quod
249 3617 371 3662 carmen
397 3598 434 3660 ad
457 3599 619 3663 Homerum
645 3599 771 3661 antehac
797 3599 921 3660 relatum
945 3597 1130 3677 Homerique
1154 3599 1277 3678 dignum

139 3688 260 3750 nomine
289 3686 421 3751 habitum
450 3695 518 3766 post
539 3694 581 3748 tot
603 3686 706 3750 secula
729 3683 828 3750 adhuc
850 3686 948 3746 iaceat
969 3684 1080 3746 misere
1102 3693 1276 3764 corruptum

136 3775 329 3836 librariorum
351 3772 441 3852 nugis
465 3790 501 3834 ac
523 3771 705 3834 foedissimis
728 3771 845 3834 mendis
873 3768 1130 3833 commaculatum.
1180 3770 1276 3836 Nemo

139 3861 218 3920 euim
240 3859 388 3922 editorum
411 3873 535 3938 operam
559 3857 700 3937 dederat,
730 3863 763 3918 ut
789 3857 836 3918 via
863 3877 899 3918 ac
920 3857 1038 3918 ratione
1061 3855 1149 3920 fieret
1171 3875 1278 3918 emen-

139 3945 230 4020 datio,
251 3945 306 4014 sed
330 3962 419 4024 quam
443 3945 572 4025 quisque
594 3945 625 4006 in
649 3942 776 4023 siugulis
799 3942 875 4008 locis
899 3949 1081 4022 conceperat
1104 3943 1278 4020 opinionem
1305 3951 1308 3954 “

140 4031 177 4093 de
195 4029 332 4094 codicum
351 4031 447 4110 pretio
472 4035 562 4112 atque
585 4030 770 4110 auctoritate,
793 4046 860 4092 eam
883 4035 1006 4092 secutus
1029 4033 1094 4088 erat
1116 4025 1188 4089 nibil
1210 4046 1278 4090 mo-

139 4125 238 4196 ratus,
261 4117 421 4196 quominus
445 4117 502 4179 alio
525 4115 594 4178 loco
617 4117 769 4178 contraria
790 4115 921 4180 fortasse
944 4118 1103 4188 statueret;
1135 4112 1215 4192 quod
1239 4131 1278 4174 nc

140 4201 287 4282 exemplis
310 4200 494 4283 confirmem,
509 4202 671 4292 'multitudo
692 4200 761 4264 iacit
777 4203 842 4282 ipsa
861 4199 1077 4279 exemplorum.
1122 4199 1200 4272 Ouid
1217 4199 1279 4278 igi-

140 4287 212 4350 turi
253 4286 439 4349 Prodaratue
466 4306 531 4354 reru
564 4288 662 4356 multis
695 4291 753 4351 iam
786 4285 941 4351 erroribus
970 4283 1149 4364 implicatam
1180 4287 1277 4363 magis

142 4374 230 4438 etiam
262 4371 409 4438 turbaret
459 4391 553 4438 uuum
587 4375 636 4437 vel
670 4375 796 4438 alterum
831 4373 930 4434 locum
964 4370 1072 4433 leviter
1104 4369 1280 4434 resarcire?
