3124 5220
869 336 913 401 tt

319 511 489 594 proximum
511 517 623 574 tentum
640 517 763 574 7777777
785 527 850 572 rem
871 510 1002 588 rettulit·
1022 507 1076 572 sed
1096 514 1218 574 eeteros
1238 524 1345 571 omnes
1361 506 1461 587 locos,

321 599 372 660 ubi
401 599 432 659 77
459 597 516 670 boo
545 597 650 662 codiee
680 597 848 678 singularia
879 597 1077 722 exhibentur,
1111 596 1208 676 sptius
1233 593 1272 656 ad
1297 595 1461 674 sequentia

322 683 505 746 differemus

407 770 454 830 Ad
477 768 558 832 bunc
577 768 686 832 librum
708 769 859 847 proxime
870 767 1015 830 accedit
1007 783 1034 829 rs
1058 769 1147 847 quem
1171 765 1330 844 notaviy,
1355 763 1408 844 qui
1431 771 1461 826 et

321 857 387 936 ipse
409 855 476 935 plus
498 856 602 934 viginti
623 854 698 916 locis
721 871 807 918 suam
825 871 900 935 prae
922 871 958 916 se
975 854 1034 915 lert
1057 853 1246 933 scripturam,
1270 867 1360 931 quam
1381 868 1461 912 eon-

322 943 438 1003 ieetura
461 948 560 1004 natam
583 957 654 1002 asse
672 941 799 1020 primum
820 947 923 1021 aperte
947 941 1112 1020 loquuntur
1133 939 1152 999 ii
1173 938 1243 1012 loni,
1264 937 1317 1000 ubi
1336 939 1461 1015 cognati

322 1026 485 1088 ostendunt
506 1026 617 1106 aliquid
641 1034 815 1107 corruptum
837 1027 935 1088 fuisso
956 1028 987 1087 in
1009 1025 1095 1088 libris
1117 1023 1351 1104 antiquioribus,
1376 1031 1408 1084 ut
1430 1025 1461 1084 iu

326 1113 741 1192 175.167.176,777777777
765 1113 896 1174 maxime
919 1113 1072 1192 979777,
1101 1126 1179 1192 quos
1204 1108 1315 1171 deinde
1337 1108 1462 1171 videbi-

325 1216 401 1262 mus.
446 1199 640 1263 Sententiam
653 1215 713 1265 non
735 1207 819 1260 recte
842 1199 958 1296 accepit
980 1199 1057 1278 276,
1091 1213 1181 1276 quum
1209 1196 1359 1257 scriberet
1382 1219 1462 1275 upa-

324 1281 406 1364 77777
430 1307 492 1364 περ
517 1281 630 1356 ἐόντες
660 1283 812 1365 nimiaque
834 1284 952 1366 argutia
975 1287 1013 1344 is
1037 1289 1162 1364 propter
1185 1297 1319 1372 sequens
1346 1281 1463 1359 imper-

324 1369 434 1431 fectum
458 1365 617 1451 ἑβάσιαζι
640 1369 733 1431 invito
756 1371 836 1432 dedit
858 1379 964 1432 777777.
1015 1369 1114 1432 Attica
1135 1385 1206 1430 eum
1221 1365 1356 1431 offendit
1378 1373 1463 1428 siru-

324 1461 410 1518 777777
439 1455 602 1517 verborum
635 1456 693 1514 149
725 1453 784 1536 ιὴξ
786 1479 831 1526 εις
861 1449 921 1528 ιιιὶς
951 1452 1151 1555 βιιιράχιιι,
1174 1455 1233 1516 ubi
1260 1451 1463 1516 7717777777

325 1541 457 1603 Solemni
479 1540 637 1602 multorum
659 1557 766 1603 errore
791 1542 850 1600 199
874 1540 1008 1603 correxit
1027 1541 1114 1623 ἐγχέι
1101 1563 1216 1625 μαχοι,
1240 1555 1340 1619 neque
1363 1539 1462 1598 minus

325 1627 520 1688 7777777287
552 1626 698 1706 pluralem
730 1628 842 1708 npniw
872 1628 902 1688 in
930 1643 1047 1690 77777
1074 1625 1148 1686 ferri
1170 1642 1230 1685 non
1254 1641 1346 1736 posse
1370 1629 1462 1684 ratus.

324 1713 438 1774 Merum
463 1712 677 1813 glossematum
699 1714 759 1772 vim
783 1711 897 1774 habent
913 1713 972 1774 bae
991 1711 1154 1774 lectiones:
1181 1710 1273 1768 793
1257 1735 1299 1776 ιιι
1300 1705 1463 1790 ’779777

327 1799 388 1857 243
413 1821 499 1862 nunc
522 1821 688 1879 γουναιιι,
711 1796 814 1856 251’
788 1801 906 1876 είςιιως
929 1799 1067 1861 viliorum
1084 1795 1197 1858 similes
1215 1804 1284 1858 sunt
1304 1794 1363 1854 197
1385 1799 1464 1857 777·

325 1885 516 1958 mnibono,
541 1877 1137 1983 599777712777ςιέφθιγξ777
1164 1881 1220 1940 751
1245 1882 1325 1964 paris
1369 1879 1465 1941 Recte

328 1969 422 2032 videri
450 1970 545 2068 possit
572 1971 742 2032 coniecisse
774 1962 880 2025 298⁸
863 1963 1040 2048 ορόωιιες,
1072 1970 1142 2046 quia
1168 1969 1291 2046 ἐςοροῖι
1313 1983 1464 2046 nusquam

327 2055 407 2135 quod
431 2057 524 2116 sciam
547 2051 1093 2134 7777777777,77977711777777
1116 2068 1214 2132 genus
1238 2050 1296 2114 boo
1319 2059 1365 2114 est
1388 2069 1465 2132 per-

328 2141 498 2220 vulgatum,
530 2143 562 2200 ut
585 2134 743 2238 e’ppiie'nm
763 2138 842 2202 Xan.
862 2137 949 2202 blein
975 2139 1002 2223 3,
1030 2139 1077 2218 70,
1103 2139 1138 2198 77
1163 2145 1193 2200 et
1216 2138 1353 2201 codicum
1377 2144 1465 2198 cete-

326 2242 430 2288 rorum
451 2226 618 2289 consensui
640 2224 869 2307 obsequendum
887 2226 959 2289 est
951 2244 981 2288 m
1000 2243 1039 2288 eo
1056 2226 1199 2304 earmina,
1224 2226 1276 2287 ubi
1293 2242 1354 2287 non
1367 2241 1465 2305 pauca

325 2313 466 2376 inusitata
489 2321 580 2392 atquc
602 2329 673 2373 rara
696 2312 900 2374 inueniuntur.

414 2399 473 2462 Sed
494 2403 658 2479 antequam
685 2399 723 2460 ab
753 2397 811 2462 boc
837 2396 944 2458 codiee
971 2393 1179 2476 discedamus,
1209 2395 1295 2459 euius
1318 2396 1466 2477 plurimas

325 2485 472 2549 lectiones
494 2485 583 2567 inira,
604 2485 656 2548 ubi
679 2501 730 2551 res
752 2483 840 2564 ieret,
861 2482 1066 2564 tractabimus,
1089 2483 1387 2545 commemorantium
1410 2489 1465 2562 est,

327 2571 407 2650 quod
430 2591 522 2653 supra
544 2571 687 2671 indicaui,
711 2587 838 2651 prorsus
861 2588 929 2631 cum
952 2587 990 2631 eo
1013 2570 1188 2632 7777777777
1209 2566 1296 2630 Vind.
1321 2569 1401 2649 299,
1424 2569 1466 2629 ita

328 2655 464 2736 quidem,
493 2664 528 2718 77
552 2657 673 2718 minima
699 2673 842 2736 quaeque
867 2654 1093 2717 accuratissime
1117 2655 1261 2754 imitetur,
1296 2655 1464 2735 praecipue

327 2742 379 2804 ubi
398 2741 563 2822 singularis
584 2741 747 2804 exhibetur
768 2743 927 2822 scriptura,
949 2741 1025 2802 loeis
1046 2741 1099 2802 vix
1116 2741 1222 2821 viginti
1241 2743 1389 2822 exceptis,
1412 2740 1466 2802 ubi

328 2836 380 2890 aut
402 2835 524 2909 apertus
554 2847 642 2892 error
667 2835 714 2891 est
742 2828 865 2910 calami,
899 2835 951 2891 ast
973 2828 1108 2890 Alterum
1138 2845 1199 2890 non
1226 2827 1299 2888 satis
1320 2834 1467 2890 accurate

328 2914 480 2978 rettulisse
502 2917 665 2997 suspicor,-
684 2913 713 2978 id
745 2915 825 2998 quod
854 2913 1193 2978 caditmbcslooos:
1224 2909 1369 2974 67119.
1396 2913 1467 2974 739.

329 2999 400 3062 aot.
444 3000 589 3064 blirabilis
611 3010 710 3064 autem
733 3005 791 3064 iste
813 3017 985 3065 cousensus
1006 2999 1087 3062 77117
1105 2999 1162 3062 7177
1184 3016 1220 3060 re
1236 2999 1384 3080 explicari
1405 3015 1466 3079 pu-

328 3093 405 3167 7777,
418 3088 475 3150 nisi
496 3087 523 3148 si
541 3086 809 3150 vindobonensem
833 3105 873 3148 ex
895 3087 975 3150 illo
968 3104 1036 3168 ipso
1058 3087 1240 3167 descriptum
1264 3101 1336 3148 esse
1359 3087 1469 3148 statui-

330 3190 406 3253 mus,
429 3191 518 3254 quam
542 3191 606 3236 rem
629 3175 819 3242 adinveniet
838 3173 1166 3256 temporumrationes,
1190 3189 1281 3253 quum
1304 3172 1355 3234 ille
1379 3179 1469 3234 natus

333 3277 404 3322 esse
436 3261 552 3322 dicatur
583 3275 659 3322 sec·
674 3260 744 3341 XV,
779 3262 828 3326 bie
849 3278 917 3325 seo.
942 3259 1008 3341 Xll,
1040 3267 1070 3323 et
1099 3257 1180 3341 quod
1208 3265 1337 3339 uterque
1368 3258 1469 3322 codex

330 3344 475 3425 Byzantio
498 3343 544 3409 est
566 3347 712 3408 oriundus
735 3344 772 3428 (v.
795 3347 1001 3427 7777791779.
1024 3353 1053 3406 et
1075 3345 1189 3427 Alteri).
1232 3345 1384 3424 Quidquid
1409 3364 1469 3407 au-

330 3440 391 3493 tem
413 3435 461 3494 rei
483 3441 544 3515 est,
575 3439 658 3496 uerte
680 3432 711 3494 bi
738 3433 802 3495 duo
832 3432 954 3494 codices
982 3430 1103 3510 gemelli
1131 3449 1187 3512 pro
1215 3447 1277 3492 uno
1300 3439 1388 3493 erunt
1410 3430 1469 3493 ba-

331 3518 429 3580 beudi.
452 3553 494 3568 --
530 3519 644 3583 Eodem
675 3525 774 3582 autem
804 3519 871 3582 loco
900 3515 1074 3599 ponendum
1105 3535 1176 3580 esse
1204 3524 1309 3598 postea
1336 3518 1470 3599 cognovi

332 3603 467 3668 codicem
491 3607 515 3682 l,
551 3607 601 3686 qui
629 3621 782 3687 nunquam
810 3606 875 3667 lere
899 3605 935 3666 ab
956 3625 977 3686 p
1000 3603 1127 3667 discedit
1147 3604 1309 3684 multisque
1331 3605 1406 3666 locis
1428 3607 1468 3665 777

331 3709 399 3752 cum
421 3709 461 3754 eo
484 3693 653 3772 conspirat,
684 3700 715 3755 ut
741 3693 771 3754 in
794 3691 955 3754 levissimis
981 3691 1060 3753 vitiis
1083 3709 1151 3754 eum
1175 3697 1321 3770 sequatur
1345 3687 1393 3771 (cl.
1420 3691 1467 3749 59.

333 3777 381 3838 til.
406 3778 454 3838 97.
479 3779 528 3840 ib.
556 3777 606 3840 77.
633 3779 683 3839 at.
709 3779 778 3840 711.
804 3778 873 3839 177.
899 3777 1061 3838 129149.
1089 3778 1158 3838 177.
1186 3776 1267 3858 774).
1311 3776 1468 3846 Quamob-

333 3881 398 3924 rem
422 3883 511 3944 quum
536 3863 612 3926 baec
633 3867 692 3926 iam
716 3881 827 3944 magna
849 3883 889 3926 ex
912 3871 997 3944 parte
1020 3863 1129 3942 scripta
1153 3869 1272 3942 essent,
1304 3879 1380 3942 opus
1407 3881 1468 3926 777

335 3967 406 4012 esse
429 3953 514 4033 duni,
541 3959 571 4012 ut
592 3951 704 4031 cuique
726 3951 794 4014 loeo
817 3950 905 4012 huius
928 3950 1039 4012 codicis
1062 3949 1182 4028 signum
1207 3948 1402 4011 ascriberem.
1427 3983 1468 3994 -

334 4035 467 4106 Quartus
490 4038 620 4118 denique
643 4035 770 4117 quibis
786 4035 1005 4116 aggregandus
1033 4041 1095 4114 est,
1125 4034 1261 4096 lenensis
1283 4035 1360 4097 liber
1382 4043 1428 4097 est
1451 4056 1468 4098 7

337 4121 519 4202 Goeltlingio
542 4129 793 4188 commemoratus
817 4122 855 4184 ad
878 4121 1041 4184 Theodosii
1063 4120 1222 4184 Grammat.
1215 4141 1267 4222 p.
1281 4122 1342 4180 244
1350 4119 1467 4225 (quem

333 4207 432 4269 locum
455 4209 555 4273 debeo
567 4207 751 4318 Hereuerop
775 4210 860 4290 cujus
882 4208 1064 4288 subscriptio
1090 4199 1224 4270 baec:‘
1202 4229 1360 4289 7777777]
1381 4231 1468 4288 pruo-

334 4297 597 4394 βαιριιχομαχιή
620 4297 710 4368 nilon
732 4317 825 4394 coxan
854 4294 924 4375 quia
953 4295 1011 4356 iam
1038 4293 1190 4358 indicabat
1216 4311 1256 4353 ex
1279 4291 1385 4354 eadem
1409 4312 1469 4374 que

335 4379 403 4442 illos
425 4379 548 4444 cilicina
572 4383 708 4445 codicem
730 4381 894 4463 prodiisse,
917 4379 1034 4442 aFrid.
1056 4379 1191 4444 Hauckio
1213 4378 1380 4444 litterarum
1402 4386 1470 4442 stu-

335 4465 422 4532 97779
435 4468 537 4549 petivi,
560 4475 591 4530 ut
605 4469 781 4550 particulam
800 4468 928 4548 aliquam
941 4466 1054 4530 codicis
1069 4467 1232 4531 conferret.
1276 4465 1364 4538 Quod
1378 4485 1469 4546 quum
