3124 5220
380 1253 734 1322 PROLEGOMENA
756 1250 947 1319 ctttt'lcd

641 1418 682 1458 ΔΙ)

275 1529 1047 1648 aaraacuomnomncumm.

519 1737 795 1747 --—------

467 1887 516 1942 Eut
534 1889 647 1962 quadam
668 1892 779 1960 prodire
799 1900 889 1956 tenus,
910 1859 932 1944 si
952 1908 1006 1943 non
1026 1893 1103 1944 datur
1122 1889 1198 1942 ultra.

992 1987 1092 2041 Hontr.

178 2140 224 2202 Ad
249 2141 619 2224 Batrachomyomachiam
644 2147 814 2210 accuratius
837 2144 1084 2228 cognoscendam
1114 2151 1235 2224 practer

94 2226 149 2288 alia
179 2246 228 2290 mc
256 2227 453 2290 adverterunt
483 2231 576 2292 verba
605 2230 772 2294 Godolredi
794 2231 977 2310 Hermanni,
1011 2249 1090 2310 quae
1112 2238 1181 2293 sunt
1203 2232 1233 2290 in

94 2313 221 2392 epistola
238 2313 274 2374 ad
289 2313 439 2394 iigenium
458 2315 525 2378 data
544 2314 735 2398 (hymnorum
755 2317 879 2380 editioni
893 2315 1039 2399 praefixa)
1056 2336 1084 2397 p.
1096 2335 1127 2378 x1
1142 2316 1233 2378 haec:

95 2398 485 2480 „Batrachomyomachiam
498 2402 548 2463 alii
562 2410 670 2482 poetae
682 2421 764 2471 nunc
778 2402 927 2482 addendo,
943 2421 1026 2472 nuuc.
1035 2401 1233 2481 detrahendo,

92 2502 173 2546 nunc
191 2485 344 2569 mutando,
365 2494 454 2566 prout
470 2488 580 2568 cuique
596 2489 765 2570 consilium,
789 2491 869 2569 quod
885 2491 951 2568 ipse
966 2489 1105 2570 habebat,
1118 2495 1234 2568 ¹postu-

89 2570 154 2631 lare
168 2570 336 2653 videbatur,
347 2573 594 2652 interpolarunt.“
619 2573 655 2636 Et
669 2575 770 2655 paullo
781 2575 859 2638 infra
875 2574 965 2638 haec:
987 2574 1078 2656 „Ejus
1092 2575 1234 2637 carminis

91 2658 192 2720 varias
214 2657 363 2722 lectiones
385 2659 437 2739 qui
456 2660 706 2742 consideraverit,
728 2669 838 2742 sponte
860 2660 1015 2742 intelliget,
1039 2677 1108 2723 non
1125 2677 1233 2723 versus

91 2743 238 2823 quosdam
254 2751 396 2825 tanquam
415 2747 536 2825 spurios
552 2747 663 2828 expelli
677 2748 800 2828 debere,
816 2747 872 2810 sed
885 2747 990 2828 plures
1006 2747 1233 2810 constituendas

90 2847 162 2890 esse
176 2829 542 2914 Batrachomyomachias,
567 2849 695 2912 quarum
718 2834 811 2898 multa
834 2833 1014 2913 communia,
1037 2832 1097 2897 aliar
1112 2831 1234 2894 diversa

89 2919 189 2977 sunt.“
243 2915 328 2988 Quae
352 2918 503 2980 sententia
526 2937 617 2998 quum
641 2920 748 2981 mirum
773 2937 821 2980 me
850 2919 993 3000 haberet,
1022 2925 1056 2982 ut
1081 2935 1233 2980 nonaum

90 3002 235 3080 proclivis
255 3003 286 3064 in
309 3003 404 3066 verba
427 3005 531 3066 iurare
547 3005 596 3070 vel
615 3005 683 3068 talis
702 3005 849 3086 magistri,
869 3006 908 3068 ita
924 3021 987 3072 uon
1004 3004 1058 3066 luit
1076 3004 1233 3067 consilium

90 3088 304 3152 cum'fastidio
330 3092 489 3170 aspernari
515 3089 627 3157 dictum
646 3091 821 3174 Burmanni,
843 3090 926 3172 quod
952 3089 1124 3170 nemodum,
1154 3089 1234 3168 quod

86 3174 193 3254 sciam,
214 3177 394 3240 accuratiori
410 3175 657 3248 consideratione
677 3177 818 3256 dignatus
836 3183 891 3238 est.
936 3175 1042 3252 ltaque
1056 3175 1124 3253 ipse
1141 3193 1233 3252 quum

87 3259 206 3322 adrem
221 3261 345 3341 propius
361 3261 604 3339 investigandam
619 3264 808 3340 accingerer,
829 3259 978 3340 paullatim
991 3275 1093 3321 roseo
1109 3257 1232 3337 delapsa

86 3353 152 3425 est,
186 3353 217 3408 ut
241 3354 334 3408 totum
359 3363 482 3410 carmen
506 3347 752 3426 pertractandum
775 3353 806 3409 et
828 3345 1050 3426 quodammodo
1072 3343 1232 3424 retingen-

86 3432 160 3493 dum
178 3449 347 3498 censerem.
394 3431 480 3504 Quod
497 3451 552 3497 our
572 3451 649 3514 opus
668 3436 706 3498 sit
723 3433 832 3513 visum,
855 3451 895 3494 ex
909 3432 947 3494 iis
965 3431 1129 3513 apparebit,
1153 3448 1233 3512 quae

84 3518 188 3598 primo
210 3517 278 3581 loco
301 3517 340 3580 de
363 3517 548 3582 editionibus
570 3518 661 3584 huius
684 3520 829 3583 carminis
852 3518 980 3583 dicenda
1003 3517 1075 3578 mihi
1096 3524 1175 3580 sunt.

488 3676 512 3744 §-
535 3675 567 3726 1.-
600 3677 643 3726 De
661 3675 838 3727 editionibus.

175 3773 274 3837 Editio
297 3774 440 3856 princeps
463 3773 552 3837 huius
576 3775 719 3837 carminis
744 3793 822 3856 quae
846 3773 944 3853 luerit,
967 3771 1045 3834 inter
1067 3771 1150 3832 viros
1175 3769 1232 3831 lra-

83 3877 155 3920 rum
188 3878 292 3924 rerum
322 3861 522 3941 peritissimos
554 3868 601 3923 est
629 3861 798 3939 dissensio;
831 3860 870 3922 cl.
898 3859 1015 3922 Harles.
1044 3859 1076 3920 in
1104 3855 1232 3918 Fabricii

82 3945 162 4008 Bibl.
187 3946 237 4008 Gr.
259 3946 280 4008 l.
307 3967 335 4028 p.
360 3947 420 4007 388
452 3947 518 4012 coll.
549 3947 683 4024 editione
711 3947 860 4011 lllaittairii
890 3966 918 4028 p.
939 3964 995 4008 x1n
1009 3962 1053 4022 sq.
1077 3949 1106 4004 et
1128 3960 1156 4021 p.
1183 3940 1231 4002 13.

85 4031 175 4102 Quae
198 4041 299 4095 tamen
323 4051 384 4116 res,
407 4041 440 4096 ut
463 4041 508 4096 est
531 4053 607 4098 sane
629 4033 802 4096 difficillima
825 4041 896 4114 post
916 4030 1125 4110 longissimum
1149 4035 1230 4089 tem-

83 4120 174 4196 poris
198 4120 388 4182 intervallum
411 4120 448 4182 ad
472 4119 672 4184 dirimendum
694 4117 805 4200 (agitur
822 4121 901 4182 enim
920 4118 957 4180 dc
975 4116 1058 4178 libris
1077 4116 1143 4176 sine
1161 4119 1231 4174 nota

84 4206 159 4266 anni
184 4205 306 4285 locique
328 4207 358 4266 in
381 4205 649 4292 lucemcruissis),
682 4207 722 4268 ita
744 4225 868 4288 parum,
900 4205 931 4264 ni
953 4201 1058 4281 lallor,
1092 4199 1129 4262 ad
1151 4199 1231 4259 hanc

84 4292 300 4370 quaestionem
324 4293 437 4353 attinet.
485 4293 611 4356 Videtur
632 4299 731 4355 autem
755 4295 882 4374 primum
906 4288 1057 4368 prodiisse
1080 4287 1109 4346 in
1132 4285 1230 4347 lucem

80 4375 431 4458 Batrachomyomachia
446 4378 582 4442 Veneriis
603 4399 628 4442 a.
650 4379 740 4458 1486,
764 4381 815 4459 qui
830 4376 908 4438 liber
929 4373 964 4456 (si
981 4373 1138 4436 llaittairio
1153 4369 1229 4430 fides

80 4461 246 4546 habenda,
276 4465 331 4544 qui
357 4467 423 4527 eius
452 4467 607 4546 exemplar
635 4468 664 4526 in
689 4465 820 4527 editione
844 4479 898 4525 sua
922 4467 1063 4524 accurate
1086 4463 1231 4536 reperen-

929 4575 941 4636 1
