3124 5220
298 496 430 564 omnium
452 496 488 581 is,
512 517 601 581 quern
625 499 726 561 notavi
748 519 780 574 e,
802 500 943 563 vitiorum
966 499 1047 565 nube
1070 499 1119 562 illo
1141 499 1191 562 vel
1213 493 1361 579 superior,
1385 495 1437 578 qui

296 605 413 650 summa
440 604 507 648 cum
529 586 649 648 levitate
673 591 815 648 exaratus
838 585 870 646 in
892 586 972 648 nullo
995 603 1093 666 paene
1116 603 1208 648 versu
1234 603 1294 647 nou
1319 592 1437 664 peccat,

296 674 337 733 ita
364 680 395 734 ut
421 671 534 733 nullum
560 671 626 733 lere
649 669 686 731 ad
708 677 821 733 textum
844 670 932 738 huius
955 671 1097 734 carminis
1123 671 1366 734 constituendum
1389 669 1437 730 al-

298 756 377 818 ferat
398 757 548 820 auxilium.
591 755 699 836 Neque
723 757 802 818 enim
825 756 904 838 quod
928 759 1076 838 quispiam
1098 759 1282 837 suspicetur,
1312 757 1343 816 in
1366 773 1438 817 cor-

298 843 392 922 ruptis
420 842 557 903 ductilius
583 842 676 904 latent
701 848 822 904 veteres
849 845 997 922 quaedam
1026 851 1055 904 et
1082 842 1251 922 exquisitae
1273 841 1439 917 lectiones;

299 929 353 990 sed
376 928 507 990 medium
529 927 595 989 lere
617 933 700 990 tenet
725 946 826 1008 neque
854 929 1014 1008 vestigium
1043 935 1102 1009 est,
1135 945 1196 1008 quo
1221 928 1345 1008 propius
1369 944 1438 988 eum

299 1014 434 1091 attigisse
456 1013 654 1094 archetypum
675 1013 879 1076 concludatur.
929 1013 985 1077 Ubi
1013 1015 1078 1095 ipse
1109 1014 1221 1094 aliquid
1250 1013 1355 1092 audet,
1390 1019 1440 1073 aut

298 1099 410 1161 nodum
433 1099 463 1159 in
487 1101 587 1179 scirpo
608 1100 799 1178 quaesivisse
820 1099 955 1175 videtur,
987 1108 1021 1162 ut
1045 1100 1098 1179 13,
1134 1100 1186 1162 ubi
1212 1100 1339 1180 praebet
1361 1085 1439 1178 ἧκες

298 1202 354 1263 pro
376 1175 502 1263 ἦλθες,
532 1184 662 1246 fortasse
685 1186 813 1265 invitus,
846 1191 896 1247 aut
919 1185 1131 1248 emendatione
1153 1202 1260 1265 parum
1283 1181 1439 1264 probanda

300 1286 483 1330 succurrere
511 1270 581 1331 loco
610 1276 753 1349 corrupto
780 1269 894 1350 studet,
927 1279 959 1333 ut
985 1270 1043 1330 156
1072 1266 1156 1335 ὅταν
1181 1266 1297 1354 σχεδὸν
1319 1259 1440 1335 stood

298 1348 346 1429 ἐφ’
370 1348 471 1434 ἡμᾶς.
493 1389 534 1400 -
566 1353 640 1417 llira
672 1357 805 1418 occurrit
834 1356 923 1419 lectio
954 1357 1015 1416 297
1039 1358 1069 1418 in
1094 1353 1141 1431 ef
1158 1352 1348 1434 dcepoacstc
1370 1369 1440 1414 cum

299 1439 403 1517 glossa
426 1433 527 1517 φύσιν
550 1435 681 1524 ’ἔχοντες
704 1433 863 1522 ὀσπρέωνς
884 1441 940 1503 sed
956 1442 1026 1504 huic
1043 1461 1082 1503 ne
1099 1439 1187 1502 cedat
1205 1439 1326 1518 vulgata
1342 1433 1440 1503 doco-

301 1536 402 1604 poem,
424 1531 510 1587 cavet
534 1525 626 1588 schol.
648 1525 702 1587 Ar.
724 1525 793 1606 Lys.
817 1526 888 1589 963.
905 1561 944 1572 -
970 1525 1057 1600 Quod
1081 1527 1140 1586 164
1164 1543 1231 1587 cum
1256 1532 1292 1585 ts
1312 1517 1441 1606 μακρὸς

300 1611 423 1669 mutavit
446 1610 476 1668 in
498 1602 644 1691 μακρὸν,
666 1611 894 1692 improbandum
919 1621 973 1695 est,
996 1616 1066 1695 quia
1088 1611 1126 1676 ad
1150 1603 1344 1694 ὀξύοχοννος
1365 1625 1442 1688 Per·

299 1695 397 1756 tinere
421 1693 512 1757 debet
534 1695 686 1774 epitheton
708 1699 745 1759 ad
769 1699 863 1759 risum
887 1698 1053 1776 delectum,
1077 1715 1138 1760 non
1162 1695 1338 1780 ad'e'ppoc,
1361 1711 1440 1773 quae

299 1797 361 1840 vox
390 1780 585 1859 appositionis
618 1782 685 1844 vice
716 1782 858 1862 iungitur.
919 1785 1109 1866 Καμμὺσαι
1145 1781 1276 1860 denique
1311 1798 1339 1840 v.
1369 1779 1440 1858 191,

299 1864 379 1945 quod
404 1865 533 1928 fortasse
556 1875 678 1946 praeter
695 1888 745 1949 ‚pn
767 1871 856 1930 etiam
878 1868 927 1930 liic
950 1876 1048 1949 tenet,
1080 1884 1141 1930 uon
1168 1867 1257 1928 debet
1284 1865 1441 1945 expellere

299 1950 425 2013 alteram
448 1950 574 2013 formam
599 1957 808 2032 acceptricem
831 1955 880 2016 illa
903 1961 1002 2016 autem
1020 1973 1060 2016 ex
1073 1955 1170 2016 abusu
1187 1953 1336 2015 seriorum
1360 1953 1441 2012 sori-

299 2043 417 2116 ptorum
441 2035 500 2096 huc
522 2037 747 2118 commigrauit,
771 2056 799 2099 v.
818 2038 891 2100 Lob.
913 2038 1023 2121 Phryn.
1044 2059 1071 2120 p.
1098 2038 1157 2096 339
1173 2055 1218 2118 sq.
1241 2071 1283 2082 -

386 2120 508 2183 ltlultum
536 2122 573 2184 als
602 2120 649 2184 his
679 2140 756 2204 quos
785 2126 910 2187 tractavi
940 2126 1023 2188 libris
1041 2124 1190 2208 ‚diligenti
1219 2129 1249 2184 et
1279 2121 1439 2184 admodum

301 2214 439 2270 correcto
457 2205 610 2270 scribendi
630 2226 749 2288 genere
773 2211 881 2275 absunt
903 2211 986 2288 bed,
1012 2213 1062 2292 qui
1086 2210 1208 2273 codices
1231 2209 1257 2269 si
1281 2209 1441 2289 exceperis

300 2311 396 2374 pauca
420 2292 569 2373 quaedam
591 2293 621 2352 in
644 2295 666 2354 d
687 2291 776 2376 (quae
799 2304 845 2357 est
867 2296 957 2358 editio
980 2294 1108 2378 Veneta)
1139 2313 1155 2356 a
1184 2293 1338 2374 typotheta
1366 2312 1441 2355 ver-

300 2397 354 2442 sus
376 2378 554 2459 plerumque
576 2381 673 2456 gratia
697 2381 870 2460 emendata,
903 2389 963 2444 tam
986 2387 1174 2444 constantem
1197 2382 1274 2441 inter
1299 2397 1334 2442 se
1363 2398 1442 2443 oon-

300 2483 424 2530 seosum
453 2472 575 2528 tuentur
603 2461 681 2546 (uide
707 2466 892 2529 levissimum
922 2487 1060 2532 errorem
1089 2467 1127 2526 29
1157 2459 1378 2551 Λενχιμύλη),
1410 2473 1442 2527 ul

301 2567 361 2612 non
390 2568 467 2630 opus
495 2553 538 2612 sit
561 2550 696 2629 pluribus
724 2551 942 2616 demonstrare.
986 2553 1103 2635 Optime
1130 2552 1259 2630 scriptus
1287 2556 1332 2611 est
1358 2551 1377 2611 e
1403 2551 1441 2612 als

300 2635 424 2697 homine
449 2634 585 2700 Graecae
608 2636 732 2715 liuguae
756 2640 829 2700 satis
851 2641 964 2719 perito,
988 2641 1039 2719 qni
1061 2636 1211 2699 interdum
1235 2634 1325 2697 etiam
1349 2637 1442 2715 inge-

301 2723 383 2782 uium
411 2721 555 2797 oslendd3
584 2726 617 2784 ut
647 2723 685 2780 59
714 2729 807 2785 totum
837 2742 960 2786 versum
986 2725 1070 2788 solus
1098 2722 1236 2784 novavit:
1269 2714 1442 2804 ἀμφίβιον

299 2801 364 2890 yrip
387 2801 485 2872 leone
508 2800 596 2876 Zetis
617 2807 813 2894 βανράχοισι
836 2809 931 2892 ζωήν.
974 2811 1040 2874 Hoc
1061 2811 1131 2873 inde
1155 2815 1252 2869 ortum
1275 2814 1335 2887 est,
1358 2807 1441 2886 quod

302 2908 394 2972 quum
416 2892 446 2951 in
470 2910 543 2954 vera
562 2891 692 2956 lectione
715 2911 806 2975 supra
828 2914 933 2958 vocem
950 2892 1062 2978 νομὴν
1085 2894 1215 2974 ascripta
1237 2899 1321 2954 esset
1342 2893 1442 2954 iuter-

300 2977 427 3056 pretalio
452 2971 554 3056 ζωὴν,
578 2997 656 3057 quae
679 2981 709 3039 in
731 2981 795 3058 ipsa
819 2982 912 3042 verba
934 2987 1058 3061 recepta
1081 2988 1127 3044 est
1150 2981 1178 3040 in
1200 2977 1276 3055 lfa,
1299 2978 1440 3044 librarius

301 3069 428 3123 metrum
448 3061 610 3124 verborum
631 3067 865 3143 transpositione
888 3067 1071 3130 fulciendum
1093 3065 1215 3148 putavit.
1259 3062 1354 3126 At-ea
1374 3067 1440 3145 ipse

300 3147 507 3227 interpretatio
529 3165 590 3210 non
613 3157 755 3212 accurata
780 3159 840 3230 est·;
866 3169 969 3234 neque
992 3154 1070 3215 enim
1093 3153 1203 3214 victum
1225 3149 1254 3208 h.
1278 3149 1296 3210 l.
1319 3149 1441 3228 signifi-

301 3241 350 3296 cat
372 3225 481 3312 νομὴ,
503 3233 557 3300 sed
581 3243 665 3298 recte
685 3235 836 3318 llgeuius,
858 3233 968 3321 oopp',
992 3241 1101 3319 inquit,
1132 3236 1214 3317 qaod
1234 3235 1302 3314 qais
1325 3236 1441 3315 occipit

301 3321 333 3378 in
354 3317 574 3394 discedamus
596 3339 681 3398 pars,
700 3325 814 3399 portio,
838 3323 903 3398 dos,
927 3341 948 3382 a
964 3325 1081 3405 νέμειν
1100 3321 1299 3395 distribuere;
1324 3329 1355 3382 et
1371 3317 1440 3400 dp-

302 3403 416 3483 φίβιον
440 3397 530 3480 comp*
553 3410 600 3463 est
619 3406 675 3466 dos
696 3407 840 3485 ancipitis
860 3415 1000 3468 notesco.
1023 3441 1061 3450 -—
1094 3408 1250 3487 Displicuit
1271 3407 1311 3468 illi
1334 3407 1439 3468 nescio

302 3486 373 3568 quid
403 3487 433 3547 in
463 3486 523 3545 2⁰9
555 3489 658 3569 πῆξεν
681 3486 709 3556 δ’
724 3490 904 3574 ἐνσνέρνῳ
930 3484 1092 3576 στιβαρόν
1119 3491 1196 3574 δόρυ
1220 3491 1268 3574 (ol.
1294 3491 1333 3575 Θ,
1358 3489 1439 3576 258),

301 3573 382 3636 unde
410 3573 538 3638 coniecit
567 3587 678 3656 accipe,
713 3575 793 3656 quod
821 3577 969 3640 eiusmodi
999 3584 1194 3658 structuram,
1229 3576 1309 3658 quod
1337 3581 1439 3658 sciam,

302 3676 362 3720 non
386 3658 453 3721 lert.
478 3691 518 3703 -
548 3659 583 3720 V.
608 3660 666 3719 133
690 3681 756 3725 eum
776 3662 798 3741 f
815 3664 906 3725 voluit
929 3662 1128 3740 ἐξανέδνσαν
1150 3659 1199 3744 ἐφ’
1217 3661 1362 3737 aidoneus
1384 3663 1438 3728 sed

301 3743 410 3823 reliqui
432 3745 542 3823 optime
563 3739 632 3824 ἀφ’,
658 3751 729 3826 quia
751 3767 844 3810 ranae
868 3766 929 3810 non
951 3749 1048 3812 solum
1070 3751 1100 3810 in
1126 3747 1317 3828 superficiem
1341 3768 1439 3831 aquae

302 3836 506 3909 emerserunt„
535 3847 640 3890 verum
663 3833 694 3894 in
714 3835 794 3898 littus
818 3852 965 3916 egressae
989 3835 1137 3897 dicuntur.
1160 3867 1201 3880 -
1238 3833 1324 3906 Quae
1346 3854 1438 3898 causa

302 3917 392 3978 fuerit
415 3935 441 3977 v.
462 3914 499 3974 18
521 3915 671 3994 τιμῶμαι
692 3917 873 4007 βατράχων
889 3913 1077 4003 ἡγούμενος
1098 3921 1137 3980 ila
1157 3920 1292 3982 muinndi
1314 3925 1350 3986 ἐν
1372 3925 1440 4007 βα·

302 3996 455 4087 optigere,
475 4000 527 4062 ubi
549 4001 649 4062 socios
672 4001 764 4068 habet
784 4025 853 4086 ey,
876 4023 937 4068 non
959 4004 1047 4067 facile
1070 4004 1205 4067 dixerim.

388 4083 505 4149 Codicis
535 4087 557 4146 d
584 4104 674 4175 ranam
703 4093 774 4152 novi
801 4093 934 4171 glossam
963 4089 1148 4168 singularem
1180 4091 1240 4152 192
1269 4081 1439 4173 ἐφώνησεν

302 4167 431 4232 cedente
454 4190 545 4235 versu
570 4190 625 4254 pro
649 4165 806 4255 ἑβὸησενς
832 4177 920 4240 deest
942 4195 970 4239 v.
992 4175 1050 4234 129
1075 4195 1149 4240 casu
1173 4175 1312 4258 quodam,
1335 4183 1367 4238 ut
1390 4178 1438 4237 vi-

302 4255 406 4333 detur;
434 4265 569 4320 ceterum
592 4258 642 4321 hic
663 4262 777 4340 pariter
798 4270 831 4324 ut
854 4283 872 4324 c
894 4261 966 4324 ninii
988 4261 1079 4324 habet
1101 4264 1269 4346 peculiare3
1296 4270 1439 4343 corrupta

301 4342 480 4423 plerumque
503 4345 666 4409 emendare
690 4363 782 4410 ausus
805 4365 866 4409 non
891 4355 952 4430 est,
984 4350 1038 4412 sed
1062 4356 1164 4414 servat
1189 4347 1326 4428 quamvis
1349 4366 1439 4412 men-

280 4431 404 4504 ,dosam
428 4430 614 4514 scripturam.
