3124 5220
854 299 899 366 12

310 492 400 556 quam
422 471 621 556 exposuisse,
654 472 712 534 uisi
740 473 791 536 ubi
819 479 869 535 ant
894 477 1103 539 necessarium
1126 482 1209 538 esset
1232 479 1280 534 aul
1303 476 1369 555 ipse
1393 490 1449 536 eos

309 563 487 642 probarem,
522 559 604 640 quod
633 576 693 621 non
721 559 751 618 in
775 565 976 639 contemptum
1000 581 1106 626 eorum
1130 562 1207 643 ieci,
1236 558 1295 658 sed
1318 579 1384 622 eam
1407 561 1448 622 ob

309 663 447 728 causam,
478 664 518 708 ne
539 645 681 708 inutiliter
702 644 812 724 longus
834 663 943 710 essem

593 805 617 870 §-
638 801 663 852 3.
702 802 759 852 De
764 799 893 851 deterior
867 817 892 850 ιι
910 797 1158 870 1ιμιιινειιιιιίιίιιιιι.

393 898 429 959 Ut
450 900 545 980 igitur
567 902 604 963 ad
629 896 749 984 singula
771 901 902 978 veniam,
928 896 1185 978 praemonendum
1208 904 1254 960 est
1277 896 1447 961 deteriores

307 1001 386 1064 quos
404 984 465 1047 dixi
479 986 583 1068 libros,
606 1005 778 1088 quanquam
801 1004 841 1048 ex
858 1002 919 1046 uno
943 983 1112 1064 eodemque
1135 983 1218 1046 fonte
1240 983 1373 1067 haustos,
1396 992 1447 1044 ta-

306 1087 377 1132 men
399 1072 498 1133 multis
519 1073 594 1136 locis
612 1076 697 1136 varie
715 1073 898 1151 diversaque
913 1070 1031 1132 ratione
1049 1070 1243 1150 interpolatos
1259 1085 1338 1130 esse.
1383 1070 1448 1131 Cu-

306 1157 353 1217 ius
375 1159 421 1218 rei
444 1173 537 1220 causa
560 1161 591 1220 in
614 1167 720 1240 aperto
744 1160 843 1239 posita
864 1162 927 1235 est3
950 1174 1019 1217 nam
1040 1154 1071 1216 in
1091 1161 1171 1217 tanta
1189 1157 1423 1236 corruptione,
1414 1174 1446 1216 m

308 1259 366 1320 qua
389 1242 485 1306 luisse
507 1245 615 1307 librum
639 1246 833 1324 archetypum
858 1243 957 1304 omnia
981 1242 1117 1314 clamant,
1141 1249 1377 1303 consentaneum
1399 1249 1448 1304 est

306 1327 396 1390 alium
419 1329 477 1391 alio
499 1330 589 1392 modo
614 1332 816 1394 emendationi
839 1329 1006 1406 studuisse;
1027 1327 1176 1389 interdum
1193 1328 1283 1390 etiam
1300 1345 1340 1388 ex
1358 1347 1446 1390 corn-

305 1413 441 1493 pluribus
463 1415 576 1495 glossis
599 1420 680 1498 optio
703 1417 770 1479 data
794 1422 856 1492 est;
880 1417 1057 1495 saepissime
1082 1421 1179 1474 autem
1204 1419 1374 1475 nocuerunt
1395 1415 1446 1474 in-

305 1501 389 1580 genii
413 1501 505 1564 lusus.
548 1502 700 1584 Namque,
724 1509 757 1564 ut
777 1502 836 1564 lmc
858 1501 1053 1581 praeripiam,
1076 1517 1137 1560 nou
1159 1499 1216 1560 illis
1239 1499 1335 1561 sulum
1359 1500 1445 1580 locis,

305 1585 357 1646 ubi
376 1586 426 1647 vel
446 1588 625 1652 obscuriora
646 1589 740 1651 verba
760 1595 864 1650 essent
884 1587 997 1648 velrei
1016 1586 1113 1646 minus
1132 1587 1258 1648 usitatae
1276 1585 1445 1648 intellectus

200 1677 206 1684 '
305 1678 459 1752 stuporem
482 1673 635 1736 bominum
658 1675 892 1738 semidoctorum
917 1672 1080 1752 effugeret,
1103 1671 1287 1750 glossemata
1310 1671 1445 1734 inierse-

304 1764 388 1838 runt,
411 1757 467 1820 sed
492 1762 670 1841 saepissime
693 1763 782 1822 eliam
804 1761 855 1820 ubi
876 1758 951 1820 ‘nibil
974 1756 1131 1819 offendere
1153 1765 1273 1839 posset,
1302 1759 1445 1820 immuta-

304 1851 366 1906 tum
391 1844 503 1924 aliquid
525 1849 706 1910 invenimus.
755 1845 847 1907 bloris
878 1852 977 1907 autem
1005 1842 1100 1906 fuisse
1130 1850 1246 1905 constat
1276 1844 1354 1923 apud
1380 1843 1444 1924 By-

304 1931 441 1994 zantinos
465 1928 556 2012 (unde
578 1933 704 1995 codices
723 1937 844 1993 nostros
871 1931 1016 2011 repetitos
1039 1945 1109 1990 esse
1131 1927 1217 2012 dixi),
1242 1937 1275 1991 ut
1297 1930 1326 1990 in
1350 1929 1445 1992 scho-

303 2015 339 2076 lis
367 2014 505 2095 discipuli
535 2021 648 2098 ingenii
679 2017 845 2080 exercendi
874 2032 965 2079 causa
988 2017 1017 2096 in
1040 2014 1144 2076 verbis
1168 2017 1233 2076 eius
1257 2016 1308 2096 qui
1330 2023 1445 2078 tracta-

304 2100 393 2163 batur
411 2104 566 2181 scriptoris
586 2105 766 2166 iuberentur
789 2108 904 2164 mutare
928 2108 1018 2181 alque
1038 2101 1168 2182 variare,
1189 2101 1268 2162 idem
1287 2101 1351 2162 aliis
1368 2121 1444 2163 ver-

304 2187 351 2248 bis
369 2186 526 2250 includere
548 2194 578 2251 at
595 2189 720 2254 dilatare
744 2191 810 2251 arte
830 2189 957 2269 quadam
977 2187 1137 2250 rhetorica.
1181 2187 1334 2259 Quaeres
1351 2192 1442 2268 quum

305 2272 372 2334 aliis
397 2273 496 2336 multis
527 2282 664 2338 veterum
684 2275 792 2355 libris,
823 2281 884 2337 tum
907 2275 977 2336 lmic
998 2275 1165 2353 praecipue
1190 2273 1286 2334 obluit
1309 2275 1443 2335 carmini.

304 2357 380 2421 llinc
408 2361 587 2424 innumerae
616 2379 715 2442 paene
743 2361 904 2422 varietates
932 2359 1082 2421 interdum
1109 2358 1182 2420 satis
1204 2360 1385 2438 ingeniosae
1411 2360 1442 2420 in

305 2443 351 2506 bis
374 2445 476 2527 libris,
508 2463 585 2528 quos
606 2449 708 2510 notavi
728 2447 834 2508 litteris
857 2447 870 2506 l
882 2453 1033 2524 ineps,
1066 2449 1143 2524 quos
1165 2446 1354 2524 conscriptos
1378 2447 1442 2508 lere

306 2531 336 2590 in
360 2550 429 2593 eum
452 2531 542 2596 finam
565 2533 690 2614 credas,
720 2540 752 2596 ut
774 2544 831 2613 pro
851 2532 1007 2594 veteribus
1032 2537 1122 2611 atque
1143 2531 1310 2592 emendatis
1333 2530 1443 2594 vendi-

304 2622 449 2678 tarentur.
492 2617 538 2680 Ac
557 2637 683 2699 prorsus
707 2618 826 2700 quidem
848 2617 1012 2701 singularis
1033 2615 1109 2677 liber
1131 2624 1220 2692 esta,
1245 2616 1350 2697 pulcra
1365 2624 1442 2680 teste

304 2699 460 2763 blaittairio
484 2705 607 2785 antiqua
633 2722 722 2766 manu
746 2710 903 2785 exaratus,
931 2718 1046 2764 vacuus
1069 2710 1102 2765 ut
1123 2701 1241 2763 uidetur
1265 2703 1302 2767 ab
1326 2705 1442 2767 errori-

304 2789 361 2849 bus
387 2788 509 2870 calami,
542 2790 596 2854 sed
626 2790 662 2852 ad
689 2807 778 2870 quem
806 2795 890 2850 recte
919 2787 1147 2850 existimandum
1177 2790 1249 2850 satis
1278 2796 1324 2850 est
1353 2792 1442 2870 scire,

305 2891 373 2934 eum
405 2876 526 2954 triginta
557 2876 623 2939 fere
654 2875 729 2940 locis
760 2875 911 2937 diversam
942 2893 959 2936 a
990 2876 1100 2936 ceteris
1129 2875 1267 2936 omnibus
1294 2872 1442 2938 exhibere

304 2959 465 3022 lectionem
494 2980 578 3024 mera
606 2963 780 3025 coniectura
807 2969 917 3023 natam.
960 2959 1024 3022 Fuit
1050 2965 1133 3023 certe
1157 2961 1208 3041 qui
1230 2959 1310 3022 buno
1333 2961 1441 3025 librum

304 3045 425 3124 scripsit
446 3045 494 3107 vir
517 3047 706 3109 doctissimus
729 3049 758 3108 et
776 3045 959 3109 Graecarum
977 3045 1141 3109 litterarum
1159 3046 1368 3130 peritissimus,
1392 3049 1442 3128 qui

306 3149 397 3211 quum
420 3131 525 3194 codice
547 3140 685 3196 uteretur
709 3139 867 3214 corrupto,
900 3151 939 3195 ex
967 3151 1026 3212 quo
1050 3151 1156 3196 omnes
1179 3133 1349 3196 deteriores
1371 3153 1442 3196 cre-

305 3217 396 3280 dibile
419 3224 466 3280 est
487 3217 622 3301 fluxisse,
645 3220 770 3300 ingenio
792 3237 867 3282 sane
889 3219 988 3282 subtili
1011 3235 1193 3282 succurrere
1216 3221 1325 3299 pcetae
1349 3239 1441 3283 ausus

305 3311 359 3382 est,
384 3309 598 3386 recensuitque
614 3308 713 3406 potius
732 3324 821 3385 quam
845 3306 1004 3404 descripsit
1025 3323 1156 3368 carmen.
1199 3303 1365 3385 Utrumque
1384 3306 1442 3367 boc

305 3351 416 3488 optime
440 3390 645 3470 intelligitur
638 3393 674 3454 ris
698 3391 789 3472 locis,
812 3392 895 3453 ubi
887 3409 917 3451 in
941 3393 1075 3453 numeris
1097 3391 1212 3453 laesum
1237 3409 1307 3453 esse
1331 3393 1440 3472 aliquid

304 3477 401 3537 visum
426 3476 455 3537 ei
478 3485 533 3557 est,
555 3478 638 3540 reiut
660 3497 686 3539 v
707 3477 776 3557 128,
797 3478 848 3538 ubi
871 3495 926 3557 pro
949 3477 1110 3578 ἐποιηοαιι
1133 3475 1211 3558 apud
1229 3477 1346 3540 Atticos
1370 3496 1442 3540 cor-

304 3562 360 3641 ripi
383 3563 677 3643 antepenultimam
670 3579 815 3644 ignorans
837 3563 986 3627 substituit
1010 3554 1192 3644 ἐφόρησιιν,
1222 3581 1328 3626 vocem
1352 3567 1441 3626 etiam

306 3647 438 3710 Homero
460 3651 599 3712 usitatam
624 3651 661 3712 de
683 3651 790 3731 armis,
824 3649 908 3712 sed
900 3668 930 3710 m
954 3648 1011 3709 hac
1037 3650 1252 3712 sententiarum
1282 3652 1363 3714 serie
1391 3653 1441 3712 in-

306 3734 498 3814 eptissimam.
542 3735 657 3798 Eodem
680 3737 748 3799 loco
769 3735 906 3799 Barnesii
931 3752 1052 3815 quoque
1074 3737 1247 3799 coniectura
1271 3731 1440 3819 ἐπόνησαν

303 3819 490 3900 repudianda
510 3828 565 3902 est,
589 3841 681 3902 quum
700 3830 731 3885 et
750 3835 859 3886 ποιεῖν
881 3821 1031 3883 vocabulo
1054 3820 1130 3884 fides
1154 3822 1278 3884 accedat
1301 3839 1358 3884 usu
1375 3821 1441 3885 llo-

305 3906 419 3969 merico
442 3909 472 3968 in
496 3905 610 3970 fabrica
633 3909 709 3971 scuti
732 3907 875 3989 Achillei,
905 3925 1007 3989 neque
1030 3908 1088 3970 ulla
1112 3908 1151 3970 sit
1172 3925 1281 3990 causa,
1304 3926 1360 3970 our
1383 3927 1441 3970 ve-

303 3995 393 4073 stigia
416 3993 464 4056 illa
487 3995 664 4075 posterioris
688 3994 793 4056 aetatis
817 4012 856 4054 ex
878 3993 936 4057 boc
958 3995 1092 4056 carmine
1117 4001 1176 4055 tam
1200 3995 1360 4074 diligenter
1382 4011 1441 4055 ex-

303 4096 484 4160 pungamus,
508 4081 615 4161 quibus
638 4080 708 4181 quid
732 4079 888 4161 alliciatur,
917 4088 1022 4162 postea
1044 4081 1257 4161 inquirendum
1281 4081 1335 4141 e'st.
1378 4079 1441 4142 Ea-

303 4165 372 4225 dem
395 4165 578 4230 emendandi
599 4169 704 4230 ratio
696 4184 726 4228 m
747 4185 764 4226 s
788 4167 922 4229 cernitur
943 4185 971 4228 v.
993 4167 1062 4248 198,
1084 4168 1137 4228 ubi
1157 4185 1248 4248 quum
1270 4167 1364 4227 ceteri
1382 4186 1441 4228 cx-

301 4248 425 4312 hibeant
447 4246 541 4334 τῇδ’
562 4243 639 4320 αὖτ’
655 4252 881 4318 §Maenadum
904 4253 976 4318 deci
1001 4215 1095 4318 ἄλλοι
1121 4252 1168 4335 (cl.
1190 4251 1277 4315 Hom.
1298 4254 1333 4334 β,
1360 4251 1441 4336 tos),

302 4354 342 4398 ex
363 4355 381 4396 s
402 4336 556 4416 profertur
578 4339 633 4403 eoi
657 4339 737 4422 cp'ys
759 4336 835 4401 deci
860 4331 1074 4404 §nansi'doon
1089 4336 1181 4404 ἄλλοι
1203 4340 1337 4400 numeris
1354 4339 1440 4401 clau-

301 4423 487 4502 dicentibus3
521 4422 639 4488 facilior
668 4441 742 4486 sane
773 4430 857 4488 esset
885 4425 1008 4486 mutatio
1039 4425 1105 4490 cod.
1128 4417 1385 4490 ιέιιειιιίθοιι’
1409 4431 1441 4492 οἱ
