3124 5220
675 225 719 299 di

120 393 376 464 Schneidewinus
398 417 446 464 ma
465 400 565 466 docuit
588 418 658 467 asse
682 421 723 466 ex
744 402 918 468 Callimachi
935 401 1081 478 Αἰτίοις.
1126 401 1186 466 Sed
1201 400 1267 482 ipse

120 485 205 548 Ball·
228 505 256 548 v·
276 487 293 544 3
313 482 356 569 ἣν
378 490 457 552 νέον
480 493 516 552 ἐν
537 486 702 554 δέλτοισιν
724 494 820 566 durata
840 497 897 556 ἔπι
919 483 1062 574 γούνασι
1076 490 1185 570 θῆτα,
1209 489 1268 549 nisi

16 603 18 658 ι
122 588 234 635 omnes
256 572 336 634 sales
359 573 396 635 ab
419 573 478 637 boc
501 576 635 637 carmine
661 576 777 639 alienos
806 575 938 658 habeas,
970 573 1095 656 perodio
1119 573 1268 636 contineri

121 657 225 737 dehet,
249 660 341 720 itaut
363 677 403 722 ex
425 659 524 742 aliquo
548 662 681 723 carmine
701 663 760 724 iam
778 664 816 724 sit
838 679 1021 743 expressus;
1044 661 1080 724 ad
1104 661 1184 722 illum
1208 660 1269 738 igi-

122 745 301 824 tur=potius
328 743 440 808 fontem
470 745 669 810 Callimachus
698 751 867 813 accessisse
894 747 1044 830 putandus
1068 754 1123 810 est.
1167 745 1268 826 Berg-

122 830 210 891 lerus
236 831 267 890 in
294 831 388 910 praei.
412 830 570 913 Odysseae
593 832 717 896 Amstel.
744 835 825 895 ltttt
850 854 878 916 p.
905 835 941 894 16
965 833 1119 898 contendit
1143 846 1267 894 uersum

124 915 185 978 201
219 933 260 978 ex
288 915 564 999 hristapnltubb.
596 920 654 980 166
687 929 841 1003 arreptum
861 935 957 1002 esse,
990 920 1057 984 ubi·
1073 919 1167 982 verba
1198 923 1268 978 sunt

123 995 313 1083 adlatret
342 998 492 1084 πρωκτός
521 1010 609 1072 ἐστιν
639 1003 703 1088 δρα
734 1009 800 1072 των
827 1005 987 1089 ἐμπίδων.
1037 1003 1099 1068 Sed
1127 1010 1268 1085 practer·
1355 1057 1365 1076 ,

16 1129 17 1134 1
125 1104 216 1166 quam
240 1086 322 1166 quod
346 1087 397 1150 illc
416 1088 484 1152 loco
504 1090 561 1152 alia
581 1107 632 1153 ras
650 1093 759 1176 agitur,
782 1091 987 1174 metaphoram
1009 1092 1098 1153 istam
1117 1091 1157 1152 de
1177 1097 1267 1151 carrlu

16 1185 17 1188 ’
124 1173 255 1234 culicum
277 1181 451 1254 usurpatam
471 1174 647 1240 Haittairius
669 1180 727 1240 iam
753 1181 907 1242 annotavit
929 1194 969 1240 en
990 1176 1155 1256 Antholog.
1169 1175 1229 1257 VH,
1248 1177 1266 1234 8

123 1251 265 1341 ὀξυβόαι
289 1254 441 1333 κώνωπος
463 1269 494 1324 11
514 1262 574 1326 lab.
597 1264 711 1344 aesop.
737 1263 856 1345 τωνωψ
877 1264 1055 1332 σαλπίσας.
1101 1264 1186 1336 Quae
1209 1280 1266 1324 an-

123 1349 186 1403 tem
209 1343 287 1405 ratio
310 1346 437 1422 murium
461 1365 583 1429 pugnae
606 1351 776 1414 intercedat
797 1369 866 1413 cum
889 1352 956 1414 leco
979 1351 1010 1411 in
1028 1349 1121 1412 Plauti
1138 1349 1268 1410 Bacchi-

125 1428 214 1491 dibus
236 1428 284 1511 lV,
310 1431 338 1511 8,
364 1433 414 1513 18,
445 1451 493 1496 me
518 1435 607 1515 plane
632 1435 733 1516 fugit·
770 1438 858 1518 Apud
883 1435 1039 1500 Horatium
1063 1436 1182 1498 demum
1206 1433 1266 1496 Sat.

127 1515 157 1595 2,
180 1515 207 1592 6,
237 1515 288 1576 ubi
316 1515 417 1598 lepida
445 1527 491 1582 est
518 1523 651 1585 narratio
679 1523 717 1586 de
742 1525 877 1586 muribus
901 1523 1068 1585 domestico
1092 1530 1121 1584 el
1145 1521 1267 1602 agresti,

125 1599 378 1682 significationem
413 1603 559 1690 aliquam,
597 1607 650 1670 sed
682 1609 868 1690 dubitanter,
905 1608 1266 1690 Batrachomyomachiae

125 1703 300 1766 agnoscere
317 1687 433 1771 videor,
459 1693 506 1755 his
524 1693 599 1755 locis
616 1695 695 1757 inter
718 1711 753 1758 se
776 1697 901 1776 collatis,
925 1695 1040 1758 Horatii
1063 1714 1090 1758 v.
1109 1697 1166 1755 llll
1191 1695 1268 1755 heac

123 1773 177 1834 udi
199 1775 283 1834 dictu
303 1774 462 1855 Aptastern
480 1782 643 1858 pepulere,
673 1783 762 1843 domo
786 1784 862 1845 decis
884 1783 1003 1857 assilit,
1031 1801 1099 1844 cum
1122 1782 1200 1843 bair.
1226 1781 1265 1840 66

125 1853 144 1923 ὅ
167 1853 195 1923 δ
211 1863 329 1940 ἔβαινε
350 1858 488 1950 τάχιστα
513 1899 555 1910 —-
580 1861 708 1948 ἅλματι
731 1871 860 1953 ιισυφῷς
890 1868 962 1930 Hor.
988 1867 1046 1927 llo
1077 1867 1129 1928 tlte
1151 1867 1268 1928 atdans

123 1947 238 2024 μονάσι
257 1953 375 2008 mutatu
396 1957 479 2010 sorte
502 1958 531 2014 at
553 1951 631 2012 Batr.
656 1953 696 2011 67
721 1955 774 2017 uel
797 1949 836 2018 τὸ
859 1956 992 2034 πρῶτον
1015 1949 1164 2040 {perpetu
1197 1952 1267 2014 Hor.

127 2031 183 2090 iil
207 2051 298 2112 quum
315 2033 415 2095 subito
430 2037 539 2116 inpares
555 2038 718 2100 Volcarum
736 2041 881 2120 strepitus
894 2041 982 2101 lectis
997 2041 1135 2102 11111111
1147 2047 1267 2100 utrum-

124 2136 182 2197 que
204 2126 233 2180 el
256 2118 334 2180 Batr.
358 2120 398 2179 92
421 2117 521 2204 ὕδρος
545 2115 572 2189 δ’
584 2125 740 2209 ἐξαίφνης
763 2123 976 2208 ἀνεφαίνετο·
1031 2126 1117 2198 Quae
1145 2128 1211 2207 ipsa
1241 2125 1268 2188 si

125 2205 193 2284 quis
213 2206 310 2286 magis
332 2224 406 2268 casu
428 2226 517 2287 quam
540 2209 707 2274 imitatione
731 2213 838 2274 similia
861 2229 932 2274 assa
949 2211 1037 2295 dicat,
1061 2231 1101 2275 ne
1120 2231 1179 2294 ego
1197 2214 1268 2293 qui·

125 2291 193 2352 dean
216 2308 404 2372 magnopere
428 2293 584 2358 adversor.

210 2377 294 2440 Haec
315 2378 423 2458 habui,
455 2399 533 2462 quaa
561 2399 630 2444 meo
656 2383 767 2446 iudicio
791 2383 827 2446 ad
851 2390 979 2446 aetatem
1003 2384 1144 2447 carminis
1167 2403 1268 2466 quan-

123 2470 185 2525 tum
207 2463 278 2526 licet
299 2468 539 2540 constituendam
563 2487 602 2531 ex
622 2470 715 2532 rebus
738 2478 864 2551 possent
886 2471 967 2551 erui,
995 2488 1123 2550 quorurn
1146 2473 1171 2532 si
1195 2473 1266 2551 qnid

123 2550 330 2632 praetermisi,
352 2552 471 2615 veniam
496 2573 543 2618 me
566 2555 795 2636 impetraturum
819 2575 925 2637 spero,
949 2559 999 2638 qui
1023 2557 1266 2639 1111111111-

123 2637 195 2700 tiurn
220 2639 388 2701 accuratius
412 2642 600 2704 tractandum
622 2643 738 2723 primus
762 2645 954 2707 accesserim.

211 2722 366 2804 Sequitur,
399 2732 432 2786 ut
462 2727 499 2788 de
526 2729 760 2809 proprietatibus
784 2733 934 2792 sermonis
963 2736 993 2791 et
1020 2745 1129 2790 versus
1160 2729 1266 2791 dicam.

123 2805 170 2870 Ac
190 2809 228 2872 de
248 2810 391 2891 prosodia
412 2819 440 2875 et
463 2813 501 2876 de
524 2817 658 2876 numeris
681 2833 823 2878 versuum
847 2815 958 2878 dicenti
973 2815 1017 2876 sic
1036 2817 1066 2875 in
1089 2815 1265 2878 universum

124 2896 181 2956 arii
202 2896 402 2977 statuendum,
425 2906 457 2962 ut
473 2901 597 2963 imitatio
615 2898 738 2964 Homeri
760 2920 816 2982 per
838 2908 930 2964 lotum
955 2919 1078 2964 carmen
1101 2902 1266 2982 conspicua

124 2981 213 3043 etiam
237 2984 267 3043 in
286 2983 333 3044 bis
356 2985 448 3048 rebus
471 2990 609 3050 emineat.
654 2987 709 3049 Ubi
726 2990 817 3069 igilur
834 3007 895 3052 non
916 2989 1013 3051 solum
1037 2987 1183 3050 formulae
1200 2988 1266 3050 Ho-

125 3070 256 3131 mericae
285 3070 480 3134 inveniuntur
509 3075 623 3154 totique
656 3092 782 3155 versus,
816 3094 922 3139 verum
952 3076 1042 3136 etiarn
1072 3073 1263 3138 Homericum

125 3155 287 3235 eloquendi
306 3171 404 3237 genus
423 3166 518 3241 sonat,
540 3160 700 3222 Homerica
723 3179 825 3222 rerum
849 3161 1011 3241 descriptio
1033 3160 1211 3239 dominatur,
1233 3164 1263 3221 in

124 3259 162 3302 eo
179 3243 313 3304 carmine
331 3261 532 3326 quaecunque
548 3245 584 3308 ad
597 3245 751 3308 Homerici
764 3263 873 3309 versus
887 3247 974 3327 leges
993 3243 1179 3308 conformata
1198 3247 1265 3328 sint,

124 3345 160 3388 aa
183 3328 210 3391 sl
233 3346 293 3388 non
319 3328 434 3394 laudari
455 3333 588 3413 artisque
611 3333 733 3395 nornine
758 3333 916 3414 celebrari,
940 3333 1054 3395 babere
1076 3332 1182 3394 saltem
1208 3353 1266 3394 ex-

17 3449 18 3484 ,
124 3415 310 3477 cusationem
330 3434 385 3496 par
400 3424 454 3480 est.
499 3420 662 3482 Videamus
682 3421 830 3501 igiturex
853 3422 889 3484 iis
912 3422 996 3500 locis,
1020 3436 1099 3498 qnos
1115 3417 1266 3480 Herman-

123 3517 180 3562 nus
203 3501 233 3561 in
258 3500 457 3581 disputatione
481 3504 612 3585 Orphica
635 3509 744 3587 statuit,
768 3509 838 3586 quid
861 3509 899 3569 da
922 3521 1116 3568 numerorum
1141 3505 1265 3566 coniur-

18 3583 19 3594 *
122 3589 254 3649 mallone
277 3587 408 3669 indeque
435 3590 472 3653 da
496 3593 637 3654 carminis
660 3590 749 3653 huius
772 3599 870 3654 aetate
893 3593 931 3653 sit
953 3589 1201 3653 concludendum.

208 3673 336 3736 Primum
365 3680 521 3756 quaeritur
550 3677 587 3740 de
617 3696 745 3740 caesura
773 3679 925 3742 trochaica
957 3678 1056 3759 quarti
1082 3676 1177 3759 pedis.
1223 3676 1266 3740 Ea

122 3775 215 3840 quum
239 3760 317 3842 apud
334 3760 497 3827 Homerum
521 3766 558 3827 sit
579 3765 744 3846 rarissima,
768 3767 837 3847 quia
861 3766 992 3828 debilem
1013 3764 1113 3826 reddit
1132 3781 1265 3846 versum,

121 3849 152 3907 in
178 3845 235 3909 hoc
265 3849 399 3912 carmine
429 3851 511 3914 nullo
540 3851 607 3914 loco
634 3852 787 3914 invenitur
808 3853 867 3928 nisi
888 3854 928 3915 ita
952 3859 1112 3931 excusata,
1146 3857 1177 3911 ut
1200 3850 1265 3910 iere

18 3963 19 3972 ι
120 3949 184 3994 noo
207 3940 314 3996 exstet.
359 3936 419 4000 Aut
441 3940 521 4001 enirn
548 3937 683 4000 enclitica
711 3957 772 4000 vox
799 3957 867 4002 eam
892 3942 1044 4020 sequitur,
1075 3951 1154 4016 quae
1182 3943 1264 3998 arole

18 4084 19 4097 ,
121 4020 318 4100 coniungitur
342 4041 409 4084 cunr
433 4024 632 4103 antecedenti,
656 4025 735 4105 qnod
760 4025 870 4089 laetum
894 4022 1003 4090 11163
1027 4017 1139 4103 κράτει
1158 4019 1191 4084 δέ
1209 4048 1265 4100 με,

122 4105 184 4164 2117
209 4125 248 4168 ex
270 4103 403 4172 Homero
426 4109 565 4175 desumto
574 4160 582 4194 ,
613 4111 671 4169 tlt
699 4105 781 4176 stata
804 4111 839 4178 δέ
861 4137 916 4191 τες
949 4119 998 4174 aut
1026 4106 1182 4188 praecedit
1203 4127 1265 4170 vox
1297 4185 1299 4190 Δ

122 4193 331 4272 monosyllaba
355 4195 392 4258 ad
416 4201 574 4278 sequentia
597 4196 770 4280 pertinens,
793 4204 824 4260 ut
848 4199 885 4259 65
911 4189 928 4260 ὁ
952 4187 979 4261 δ’
996 4189 1122 4278 ἔβαινε.
1169 4191 1266 4257 Prae-

120 4285 206 4342 terea
237 4297 346 4341 versus
378 4283 434 4342 211
462 4277 560 4364 ι’)’ριπο
583 4283 618 4349 δὲ
642 4276 792 4365 πρηνής,
823 4275 910 4370 alroppa}
934 4282 968 4347 db
992 4279 1119 4361 μελέων
1144 4281 1265 4362 ἐξέπτη

121 4364 323 4429 oilensionem
353 4387 413 4432 non
443 4370 549 4451 habet,
582 4371 651 4451 quia
681 4372 780 4433 statim
808 4371 945 4450 sequitur
973 4383 1102 4430 caesura
1130 4366 1263 4446 mascula
