3124 5220
878 311 901 380 d

322 493 382 556 due
404 492 553 572 enotavit,
585 490 744 552 versiones
767 485 892 568 adiecit,
926 483 1117 566 superiorum
1140 481 1393 565 disputationes
1418 499 1494 544 con-

321 581 426 662 gessit,
449 578 684 643 commentarios
706 575 838 654 denique
862 571 974 636 addidit
996 569 1177 634 eruditionis
1206 588 1310 650 quam
1339 569 1492 632 acuminis

321 665 484 746 pleniores
528 661 621 724 Cuius
642 663 697 724 viri
718 679 813 742 opera
835 667 935 722 tamen
959 674 1057 742 usqne
1078 655 1114 718 ad
1132 657 1329 734 recentiora
1351 662 1492 734 tempora

320 751 454 814 editores
475 748 592 829 fugisse
616 748 748 825 videtur;
771 765 840 809 nam
864 762 965 827 neque
988 743 1125 807 codicum
1150 742 1190 804 ab
1216 741 1276 804 illo
1304 742 1491 804 collatorum

320 853 448 916 usquam
470 835 502 898 lit
524 835 637 897 mentio
659 852 762 914 neque
782 832 1076 896 commentariolum.
1122 827 1181 892 Sed
1205 827 1357 890 eandem
1376 834 1490 890 sortem

320 940 376 1002 per
397 921 457 986 duo
480 921 584 984 secula
604 920 680 984 alius
702 920 793 982 huius
816 919 957 982 carminis
981 916 1078 978 editor
1099 921 1256 996 expertus
1285 922 1353 996 est,
1387 913 1490 974 Leon-

320 1008 424 1071 bartus
450 1008 575 1090 Lycius,
609 1007 656 1069 vir
682 1013 716 1069 ut
740 1004 861 1068 videtur
885 1002 1121 1081 eruditissimas,
1154 1003 1251 1062 cuius
1277 1000 1399 1062 laudes
1424 1005 1490 1079 post

321 1101 448 1158 mortem
469 1093 573 1158 Joacb.
596 1092 789 1155 Camerarius
812 1093 946 1154 carmine
967 1105 1081 1168 graeco
1104 1087 1283 1150 celebravit
1309 1085 1487 1168 (Ernestius

319 1181 414 1259 prael.
436 1179 516 1242 Batr.
538 1177 623 1241 Hom.
646 1177 720 1258 Opp.
743 1177 790 1238 ed.
807 1175 909 1260 1764).
953 1175 1026 1237 liius
1049 1172 1197 1236 editiones
1225 1171 1295 1235 duo
1323 1172 1486 1252 iniquitate

319 1273 487 1346 temporum
509 1282 580 1326 mox
602 1278 769 1344 oppressae
788 1268 860 1326 sunt
881 1261 1069 1341 vulgatorum
1092 1259 1292 1322 multitudine
1319 1260 1485 1320 iacebant-

321 1370 381 1432 que
404 1353 434 1413 in
457 1351 591 1414 tenebris
614 1350 877 1430 bibliothecarum,
906 1350 945 1410 ita
975 1354 1007 1408 ut
1029 1363 1129 1426 neque
1153 1347 1364 1407 recentiores
1391 1342 1485 1406 critici

320 1455 426 1498 earum
453 1435 626 1499 utilitatibus
653 1435 827 1499 fruerentur
850 1439 995 1515 ipsosque
1016 1431 1195 1494 Barnesium
1219 1437 1254 1492 et
1277 1429 1482 1492 Maittuirium

320 1521 473 1604 fallerent,
503 1522 601 1585 donec
627 1520 783 1584 Ernestius
813 1521 969 1601 exemplar
997 1535 1101 1580 earum
1131 1517 1232 1580 denuo
1266 1519 1431 1598 protraxit
1453 1515 1481 1574 in

320 1625 439 1688 suoque
461 1607 583 1670 Homeri
610 1608 743 1671 editione
767 1625 906 1687 magnam
929 1612 1044 1687 partem
1067 1605 1228 1666 lectionum
1255 1604 1383 1682 publici
1408 1601 1479 1664 iuris
1551 1611 1552 1684 ,

320 1694 398 1755 iecit.
443 1693 502 1756 Sed
523 1701 555 1756 ut
573 1693 611 1754 de
632 1693 679 1755 his
701 1694 881 1757 lectionibus
905 1693 942 1753 ab
965 1690 1105 1754 Ernestio
1128 1689 1258 1768 aliisque
1284 1689 1402 1772 magni
1426 1705 1480 1748 ac·
1551 1685 1552 1712 ¹

320 1780 447 1842 sumatis
468 1787 586 1842 rectum
609 1779 754 1842 iaciamus
776 1779 927 1860 iudicium,
949 1776 1078 1857 primum
1100 1776 1165 1855 ipsa
1189 1775 1289 1836 verba
1316 1775 1409 1856 Lycii
1432 1773 1478 1833 vi-

321 1867 456 1928 deamus.
501 1866 632 1946 Contigit
655 1868 733 1928 enim
758 1865 837 1946 mibi,
859 1873 893 1928 ut
914 1872 1074 1942 utramque
1096 1861 1260 1923 editionem
1288 1863 1324 1922 in
1346 1861 1479 1922 thesau-

320 1953 363 2012 ris
386 1950 585 2012 bibliothecae
602 1951 856 2030 Guelferbytanae
878 1950 1046 2030 reperirem
1068 1944 1234 2030 (Ernestius
1259 1947 1400 2010 alteram
1425 1963 1477 2006 so-

319 2036 379 2096 lam
400 2035 553 2118 noverat),
578 2055 704 2117 quarum
728 2037 812 2117 prior
834 2036 914 2098 hunc
936 2054 1010 2116 prae
1033 2051 1067 2094 sc
1091 2033 1150 2096 lert
1169 2031 1305 2094 titulum:
1342 2033 1474 2112 „Bacp

320 2121 443 2184 Homeri
463 2139 572 2201 poema
591 2141 685 2202 opera
704 2123 867 2185 Leonbarti
888 2121 980 2202 Lycii,
1002 2119 1100 2182 multis
1123 2122 1153 2181 in
1174 2117 1253 2181 locis
1274 2122 1404 2182 auctius
1420 2135 1474 2178 ca-

321 2208 522 2288 stigatiusque
546 2208 658 2270 editum
680 2217 772 2288 atque
796 2207 1048 2271 annotatiunculis
1072 2207 1281 2266 illustramus
1342 2203 1473 2266 Praela-

320 2299 369 2354 tur
391 2295 445 2355 ita:
483 2291 576 2367 „Cum
599 2292 677 2354 lacta
701 2294 772 2359 mihi
794 2302 878 2354 essct
899 2295 986 2372 copia
1008 2291 1076 2353 libri
1096 2291 1407 2371 perquam-vetusti,
1442 2289 1472 2348 in

321 2396 382 2459 quo
401 2377 587 2442 Graecorum
611 2379 722 2459 aliquot
745 2385 903 2458 poetarum
928 2385 1120 2438 monumenta
1143 2394 1233 2437 manu
1257 2385 1368 2441 essent
1393 2393 1472 2437 exa-

321 2472 396 2544 rata,
419 2465 676 2546 contulissemque
697 2481 765 2528 cum
788 2464 838 2527 illo
862 2463 1000 2542 exempla
1022 2462 1101 2541 typis
1124 2478 1247 2540 excusa,
1272 2459 1471 2542 deprehendi

322 2567 398 2611 sane
413 2549 512 2629 multa,
535 2567 615 2629 quae
636 2550 696 2613 illic
714 2554 821 2630 partim
845 2547 1060 2628 emendatiora,
1083 2549 1189 2626 parlim
1210 2549 1301 2608 etiam
1325 2549 1468 2628 pleniora

320 2635 506 2716 legerentur.
552 2634 727 2706 Quaerere
746 2653 838 2716 quum
861 2651 923 2696 non
946 2634 1130 2695 mediocrem
1154 2650 1296 2711 caperem
1320 2635 1469 2714 volupta-

321 2721 495 2804 tem,.quod
520 2729 655 2803 putarem
679 2739 729 2783 me
749 2739 810 2783 non
834 2719 1141 2800 omninocarhones,
1165 2719 1246 2800 quod
1266 2717 1389 2801 dicitur,
1413 2734 1468 2799 pro

322 2809 468 2870 thesauro
480 2811 670 2888 repperisse,
691 2809 780 2890 coepi
794 2815 941 2882 mamete
955 2807 1179 2870 hauserihere
1193 2824 1240 2882 eo,
1256 2824 1337 2885 qaue
1349 2807 1467 2867 rectius

320 2893 391 2954 istic
409 2893 586 2972 perscripta
604 2914 674 2956 cese
692 2895 885 2956 videbantur.
942 2894 1004 2954 Etsi
1027 2894 1106 2952 enim
1129 2891 1277 2970 aliquibus
1302 2892 1352 2954 hic
1379 2891 1467 2953 labor

321 2978 431 3052 nultius
453 2994 524 3040 esse
546 2979 689 3040 momenti
713 2979 841 3058 videtur,
863 2985 920 3041 etc.
965 2977 1085 3057 Lipsiae
1105 2976 1139 3038 in
1156 2973 1292 3056 Collegio
1316 2976 1463 3059 principis

322 3064 449 3127 minore.
470 3062 646 3126 nuhxvts
691 3063 796 3128 Altera
819 3064 911 3126 editio
932 3065 1074 3144 inscripta
1097 3068 1158 3124 est:
1183 3063 1309 3143 „Boram
1334 3099 1380 3110 —-
1403 3081 1465 3123 nn-

321 3167 378 3230 per
406 3151 595 3216 emendatius
622 3150 733 3216 editum
757 3159 786 3215 ct
815 3154 928 3214 anuoth
956 3150 1149 3229 illustratum,
1184 3165 1265 3210 nunc
1286 3149 1324 3210 ab
1350 3149 1462 3212 eodem

321 3239 513 3315 recognitum
536 3244 565 3298 et
587 3239 834 3318 perpurgatum.“
878 3237 1027 3298 Praelatio
1049 3238 1167 3314 incipit:
1192 3233 1285 3312 „Cum
1308 3239 1461 3318 typogra-

321 3321 399 3403 phus
424 3329 529 3384 noster
551 3339 649 3402 nuper
669 3321 742 3382 mihi
763 3319 981 3401 significasset,
1014 3337 1049 3380 se
1075 3321 1104 3382 in
1128 3322 1228 3380 animo
1251 3321 1367 3384 habere
1389 3339 1463 3382 rur-

322 3425 388 3472 sum
412 3408 585 3490 exprimere
606 3407 798 3470 llomericum
820 3424 943 3488 poema,
966 3405 1056 3467 auum
1077 3404 1189 3467 abhinc
1211 3407 1341 3484 emptius
1364 3407 1460 3470 tribus

323 3494 514 3559 emendatum
537 3515 554 3560 a
577 3513 626 3558 mc
646 3501 737 3575 atque
753 3493 995 3556 annotationibus
1012 3493 1199 3574 illustratum,
1223 3492 1304 3573 quod
1324 3511 1342 3555 a
1360 3495 1459 3556 Grae-

324 3601 378 3642 cae
405 3583 527 3660 linguae
556 3581 699 3646 studiosis
727 3580 838 3642 iamdiu
867 3579 1053 3661 exemplaria
1082 3580 1327 3659 requirerentur,
1360 3583 1457 3643 visum

322 3666 379 3728 luit
401 3683 516 3728 summa
544 3685 617 3730 cura
644 3684 889 3748 recognoscere,
923 3685 1002 3747 quae
1025 3666 1153 3729 luissent
1176 3673 1245 3728 ante
1268 3683 1355 3728 ame
1379 3666 1457 3729 edita

323 3770 423 3832 eaque
446 3760 475 3814 et
497 3753 601 3816 limare
624 3753 743 3834 politius
766 3761 797 3816 et
820 3771 936 3834 augere
959 3752 1154 3833 cumulatius,
1185 3754 1364 3832 pracsertim
1390 3769 1456 3814 cum

323 3836 360 3898 ad
384 3856 450 3899 eam
473 3857 537 3900 rem
561 3840 696 3903 nonnihil
719 3840 790 3902 mibi
812 3847 987 3921 suppeteret
1014 3839 1185 3908 adiumenti.
1235 3837 1310 3900 Nam
1338 3838 1376 3900 ad
1402 3856 1457 3900 co-

323 3923 406 3984 dices
428 3926 543 3989 calamo
566 3932 707 3990 exaratos
731 3926 823 4008 daos,
858 3943 935 4007 quos
958 3927 1115 4008 superiore
1139 3925 1227 3986 ctiam
1249 3933 1386 4006 tempore
1408 3925 1457 3985 in-

322 4009 442 4089 spicere
466 4013 536 4077 mibi
557 4013 639 4076 licuit
662 4021 753 4094 atque
775 4015 946 4093 consulere,
970 4029 1097 4093 quorum
1121 4011 1246 4074 alterum
1268 4011 1388 4074 clariss.
1411 4011 1456 4081 vir

322 4093 458 4156 loachim
475 4096 675 4181 Camerarius,
698 4107 880 4181 praeceptor
902 4116 987 4161 meus
1012 4100 1041 4158 in
1063 4099 1196 4178 parentis
1218 4098 1286 4161 loco
1306 4098 1377 4158 mibi
1400 4113 1456 4157 co-

323 4181 446 4262 lendus,
477 4183 664 4268 alterumque
687 4185 866 4248 bibliotheca
890 4183 1074 4246 Academiae
1097 4191 1220 4248 nostrae
1242 4182 1362 4244 Paulina
1386 4182 1455 4243 mibi

323 4267 531 4351 suppeditavit,
554 4273 742 4337 commodum
766 4273 895 4334 accessit
916 4272 975 4332 boc
996 4277 1134 4351 tempore
1157 4268 1326 4348 exemplum
1348 4269 1455 4348 singu-

321 4353 377 4416 lari
403 4355 501 4419 studio
532 4357 568 4418 ab
597 4357 630 4418 Η.
659 4359 809 4441 Stephano
842 4375 989 4422 excusum
1017 4362 1091 4420 etc.u
1146 4353 1331 4432 Subscriptio
1358 4363 1454 4418 autem

323 4439 399 4504 haec
424 4450 485 4505 cst:
521 4444 629 4521 „Anno
652 4444 787 4508 leXLX
809 4445 1067 4544 mensedprili,“
1092 4441 1286 4525 quodquam
1309 4439 1384 4505 lalso
1407 4443 1454 4504 in·
1551 4482 1552 4506 r
