3124 5220
652 253 693 322 ss

103 427 246 492 claudunt
270 435 318 492 est
339 429 475 492 carmine
496 444 622 510 magnas
643 445 715 491 suas
736 433 827 507 atque
846 427 985 507 proprias
1003 426 1093 490 babet
1114 426 1244 494 difficul-

103 523 193 580 tates.
244 513 360 578 Etenim
384 515 522 578 codicum
545 513 676 578 familiae
699 531 760 576 non
782 520 842 574 tam
865 511 945 574 laoili
968 516 1090 592 negotio
1113 513 1244 578 discerni

104 608 249 683 possunt,
275 607 306 662 ut
329 601 500 682 complures
523 601 592 662 libri
612 620 668 680 per
691 616 810 662 omnem
833 598 976 661 carminis
998 601 1085 680 quasi
1106 607 1244 664 tenorem

105 687 256 750 constanti
284 687 446 748 lectionum
476 688 649 766 graviorum
676 703 828 749 consensu
858 703 898 746 ex
924 684 1034 747 eodem
1060 686 1143 747 tonte
1168 686 1247 749 hau-

105 780 171 836 stos
194 791 228 834 se
252 772 425 850 ostendant3
447 773 502 834 sed
524 771 604 834 nulla
627 779 710 834 certa
731 772 802 852 lege
816 771 902 833 inter
923 787 957 832 se
976 771 1113 851 plerique
1132 771 1245 835 distare

106 858 259 922 videntur.
303 857 494 938 Quapropter
519 858 630 920 factum
658 866 719 939 est,
748 865 782 920 ut
808 857 838 918 id
865 856 961 920 solum
986 865 1143 937 praestare
1168 876 1245 938 pos-

107 963 190 1025 sem,
218 945 293 1006 alnas
316 958 386 1006 esse
409 943 536 1008 familias
558 952 619 1006 toto
643 961 759 1024 genere
781 945 820 1006 ita
845 943 996 1024 diversas,
1025 950 1058 1006 ut
1080 944 1173 1005 altera
1196 946 1246 1006 in·-

106 1031 256 1112 terpolata
280 1030 330 1092 vel
354 1029 505 1111 deterior,
537 1030 631 1093 altera
652 1031 772 1110 integra
792 1029 841 1092 vel
864 1030 970 1090 melior
992 1029 1168 1109 appellanda
1191 1049 1246 1094 es-

109 1125 166 1179 set.
211 1114 347 1177 Alterum
372 1133 471 1196 genus
493 1123 591 1179 ortum
611 1117 726 1180 babere
746 1114 907 1177 verisimile
925 1123 971 1178 est
988 1133 1028 1176 ox
1043 1115 1148 1177 codice
1165 1116 1246 1179 bono

110 1209 315 1282 accurateque
341 1204 468 1284 scripto,
499 1203 623 1265 alterurn
648 1221 666 1264 e
689 1201 837 1263 mendoso
863 1207 1068 1280 corruptoque
1076 1247 1084 1279 ,
1114 1201 1246 1282 indeque

111 1295 181 1350 neta
205 1296 251 1350 est
273 1306 310 1350 ea
335 1287 509 1368 diversitas,
539 1296 573 1351 ut
601 1289 709 1352 melius
736 1305 797 1350 non
824 1285 896 1348 illud
925 1286 1045 1366 quidem
1074 1305 1245 1350 vacuuma

110 1372 229 1436 mendis
259 1375 347 1435 etiam
377 1374 570 1454 gravioribus
600 1381 700 1455 esset,
730 1373 786 1436 sed
814 1374 997 1435 correctoris
1030 1390 1119 1434 manu
1148 1375 1246 1436 minus

111 1467 238 1537 lactum3
272 1460 404 1522 deterius
435 1467 541 1522 contra
568 1461 599 1521 in
628 1463 761 1541 speciem
790 1458 954 1539 expolitum
981 1458 1248 1540 compluribusque

111 1547 188 1609 locis
213 1547 405 1608 emendatum
430 1547 633 1628 inveniretur,
658 1547 713 1610 sed
735 1545 826 1608 foede
847 1545 1059 1624 interpolatum
1081 1547 1248 1624 speciosis-

113 1649 176 1712 que
191 1631 336 1694 relertum
352 1631 544 1711 conjecturis.
589 1631 688 1694 Primo
705 1633 796 1712 igitur
814 1630 882 1692 loco
896 1629 935 1692 de
951 1631 1138 1710 interpolatis
1150 1649 1248 1714 agam,

112 1716 224 1780 deinde
247 1717 285 1779 de
309 1717 498 1799 melioribus,
521 1719 600 1779 inter
622 1734 699 1798 quos
721 1717 781 1779 duo
803 1715 843 1776 ita
866 1718 1003 1778 eminere
1026 1717 1165 1780 videntur
1187 1717 1247 1780 fide

112 1805 301 1884 scripturae,
331 1811 379 1882 ut,
412 1821 592 1884 quamquam
615 1821 654 1866 ne
677 1803 708 1864 bi
732 1801 851 1883 quidem
875 1801 1025 1864 nonnullis
1048 1802 1122 1865 locis
1145 1807 1249 1886 suspi-

111 1891 204 1953 cione
221 1895 337 1969 carent,
360 1889 430 1968 quia
453 1906 513 1950 non
537 1895 656 1951 exstant
676 1889 826 1968 meliores,
848 1904 866 1947 a
888 1893 1058 1952 ceterorum
1081 1905 1178 1968 grege
1195 1908 1249 1952 se-

111 1976 289 2039 cernendos
314 1991 368 2036 eos
395 1974 585 2056 optimosque
612 1983 646 2037 ut
672 1976 751 2037 inter
778 1975 877 2036 minus
905 1974 1003 2036 bonos
1025 1991 1167 2038 censeam
1190 1975 1249 2040 ba·-

112 2061 242 2124 bendos.
286 2057 413 2124 Ceteros
436 2061 515 2122 enim
539 2059 682 2124 meliores
702 2062 729 2123 si
746 2068 775 2122 et
794 2077 862 2122 oum
885 2057 943 2122 boc
964 2059 1030 2140 pari
1051 2067 1080 2122 et
1102 2079 1171 2124 cnm
1190 2081 1249 2142 pe-

112 2147 229 2210 ioribus
250 2145 424 2225 contuleris,
448 2145 537 2208 laoile
558 2148 588 2206 in
612 2163 679 2209 eam
702 2147 905 2226 suspicionem
928 2145 1096 2228 adducaris,
1118 2155 1152 2210 ut
1170 2149 1250 2210 mix-

111 2242 161 2296 tos
184 2249 240 2295 eos
263 2249 303 2294 ex
326 2239 457 2312 utroque
479 2249 598 2312 genere
620 2232 713 2295 dicae.
758 2231 800 2294 lta
823 2233 903 2294 enim
926 2231 957 2293 bi
980 2231 1047 2293 libri
1069 2240 1141 2294 sunt
1162 2252 1249 2296 com-

112 2320 227 2400 parati,
260 2325 292 2380 ut
321 2335 413 2397 quarm
441 2335 481 2378 ex
508 2319 629 2398 integro
658 2317 741 2380 fonte
769 2318 895 2398 primam
922 2317 1071 2396 originem
1099 2317 1250 2401 duxerint,

113 2412 221 2486 postea
243 2403 350 2466 codice
373 2402 517 2465 deteriori
540 2403 671 2466 adhibito
693 2405 797 2484 paucis
819 2403 895 2466 loeis
917 2404 977 2466 sint
999 2402 1160 2484 emendati,
1180 2406 1250 2486 plu·

112 2492 200 2552 rimis
222 2489 362 2569 corrupti
407 2487 491 2552 llaec
507 2507 568 2571 res,
579 2507 580 2512 ¹
593 2505 671 2570 quae
690 2507 831 2570 magnam
849 2506 942 2569 saepe
960 2486 1068 2570 (fateor
1081 2488 1172 2572 enim)
1190 2491 1249 2553 dit„

112 2575 276 2638 licultatem
299 2574 370 2636 mibi
392 2575 516 2656 creavit,
536 2576 710 2658 priusquam
735 2576 831 2657 qualis
855 2581 936 2638 esset
959 2577 1111 2657 perspexi,
1134 2594 1195 2638 non
1218 2579 1248 2640 in

112 2661 174 2724 hoo
201 2662 298 2723 solum
326 2662 460 2723 carmine
488 2663 637 2743 cernitur,
668 2661 725 2724 sed
753 2661 929 2742 iarnpridem
954 2661 1062 2724 eadem
1088 2663 1249 2726 observata

113 2755 161 2810 est
184 2765 201 2810 a
223 2746 289 2809 Car.
312 2745 390 2808 brit.
411 2745 586 2810 Hermanno
614 2748 645 2809 in
667 2748 818 2812 luvenalis
842 2747 1013 2829 codicibus,
1045 2749 1076 2810 in
1099 2748 1184 2811 libris
1211 2749 1251 2811 de

112 2833 236 2896 Finibus
275 2831 350 2894 aliis.

201 2881 265 2980 lla'c
286 2917 405 2980 ratione
428 2915 592 2980 distributis
615 2917 751 2982 codicum
773 2917 940 2998 generibus
961 2919 997 2999 si,
1020 2937 1098 3000 quae
1121 2937 1138 2982 a
1161 2921 1251 2983 lami·-

112 3006 162 3068 liis
176 3010 301 3085 peecata
318 3009 397 3084 sunt,
419 3005 650 3086 removerimus,
673 3004 828 3086 archetypi
847 3003 916 3068 libri
933 3007 1083 3086 scriptura
1102 3007 1204 3072 veniet
1219 3007 1250 3069 in

113 3091 378 3171 disceptationem
400 3088 439 3152 de
462 3108 521 3170 qna
544 3108 578 3154 re
600 3108 732 3170 magnae
753 3109 847 3170 saepe
872 3092 1021 3154 exsistunt
1042 3091 1252 3156 dubitationes.

113 3177 361 3240 Praecavendum
379 3181 426 3236 est
446 3183 545 3236 autem
565 3177 624 3237 iam
640 3177 791 3254 hocloco,
815 3193 854 3236 ne
871 3175 938 3254 quis
954 3183 1112 3254 exspectet
1125 3195 1252 3258 magnas

115 3281 165 3324 me
192 3264 408 3341 intricatasque
435 3258 626 3322 difficultates
654 3260 822 3322 soluturum
853 3257 910 3341 (eui
935 3261 980 3321 rei
1005 3261 1097 3340 longe
1120 3279 1169 3324 me
1191 3265 1251 3326 im-

115 3367 221 3430 parem
252 3345 382 3429 sentiol3
417 3345 475 3408 hoc
504 3363 597 3408 unum
627 3353 655 3407 et
684 3347 766 3409 volui
794 3353 824 3408 et
851 3353 1049 3410 consecutum
1074 3363 1123 3410 me
1151 3349 1251 3431 aliqua

115 3453 156 3496 ex
184 3440 269 3515 parte
298 3449 408 3514 spero,
442 3439 476 3496 ut
504 3432 668 3513 tenebrae,
702 3433 809 3513 qulbus
837 3449 945 3513 pressa
972 3441 1115 3496 tenentur
1143 3445 1253 3516 poetae

115 3520 221 3602 verba,
244 3537 305 3582 non
328 3527 388 3583 tam
412 3518 480 3579 luce
504 3515 597 3580 affusa
621 3518 720 3581 subito
742 3518 968 3600 dispergantur,
990 3535 1080 3599 quern
1104 3521 1254 3601 detegan-

115 3614 165 3670 tur
195 3607 338 3686 clareque
368 3611 601 3682 cognoscantur.
652 3603 736 3668 Prius
762 3606 841 3668 enim
864 3603 1067 3666 rescindenda
1092 3613 1162 3668 sunt
1184 3609 1254 3670 vul-

116 3710 193 3756 nera
210 3692 289 3755 male
307 3695 397 3770 sarta,
421 3708 510 3769 quam
533 3690 711 3770 obliganda3
733 3690 924 3772 augebuntur
945 3689 1134 3756 difficultates
1154 3696 1252 3774 potius

117 3797 208 3860 quam
231 3779 413 3856 minuentur,
436 3793 622 3855 carmenque
644 3797 684 3839 ex
706 3777 844 3840 codicum
868 3775 927 3839 fide
950 3796 966 3839 a
990 3797 1039 3840 me
1062 3781 1254 3844 constitutum

115 3866 267 3927 etiamtum
298 3863 526 3926 emendatorem
555 3869 584 3924 et
613 3863 738 3941 ingenio
765 3881 814 3926 me
839 3863 1006 3928 feliciorem
1029 3871 1058 3926 et
1079 3867 1253 3928 instructio-

116 3969 180 4012 rem
205 3950 340 4014 doctrina
364 3948 555 4012 desiderabit.
598 3947 717 4013 Interea
737 3949 766 4010 id
786 3967 883 4032 agam,
906 3957 938 4013 ut
957 3957 1050 4013 totum
1074 3967 1197 4012 carmon
1216 3971 1253 4014 ea

117 4053 177 4118 qua
200 4035 262 4098 dixi
284 4037 403 4098 ratione
424 4040 640 4115 pertractetur,
669 4041 698 4097 in
724 4053 783 4116 qua
807 4054 842 4098 re
865 4053 924 4099 non
949 4037 1084 4098 ordinem
1110 4053 1253 4102 versuum

117 4140 241 4204 sequar,
263 4121 319 4183 sed
342 4139 431 4202 quem
454 4123 519 4201 ipsa
543 4123 681 4202 quaestio
704 4122 860 4203 praecipit,
882 4125 922 4184 ita
945 4120 1076 4202 quidem,
1097 4129 1130 4183 ut
1151 4123 1254 4186 distri-

116 4210 197 4272 butte
219 4208 384 4271 lectionum
406 4208 572 4284 generibus
595 4209 704 4270 similia
728 4228 797 4273 curn
819 4209 965 4272 similibus
988 4205 1095 4270 collata
1119 4209 1198 4271 inter
1220 4228 1255 4272 se

117 4301 260 4358 tueantur
286 4293 435 4374 pluraque
464 4294 521 4357 sub
550 4311 643 4358 unum
666 4301 860 4376 conspectum
884 4292 980 4372 posita
1004 4294 1063 4356 vim
1087 4312 1255 4375 argumen-

115 4380 199 4445 tandi
220 4387 361 4460 augeant.
405 4376 469 4442 Hoc
491 4379 609 4462 adiioio,
632 4383 781 4446 editorum
806 4397 853 4441 me
875 4380 975 4442 varias
997 4381 1156 4463 opiniones
1179 4397 1255 4442 nus-
