3124 5220
302 573 468 654 Byzantina
497 575 596 631 autem
626 576 740 650 aetate,
773 577 806 632 ut
828 571 887 633 iam
910 585 1001 648 supra
1024 565 1104 648 dixi,
1137 569 1341 650 conscriptum
1370 587 1446 635 esse

303 658 476 753 exemptas,
505 662 626 736 praeter
648 655 769 735 glossas
792 655 938 718 barbaras
961 656 1050 719 etiam
1073 662 1217 720 catervae
1238 657 1379 720 vitiorum
1403 677 1447 720 ex

229 785 231 790 -
303 763 381 808 nova
405 741 626 822 pronunciandi
647 743 766 806 ratione
787 743 993 822 proiectorum
1016 740 1153 804 suadent.
1175 775 1218 786 --
1299 775 1303 780 -

388 827 524 895 Breviter
547 828 596 888 bio
618 829 707 892 etiam
731 827 934 890 annotandum
958 834 1003 888 cst
1019 827 1056 888 da
1074 827 1270 908 inscriptione
1289 829 1445 910 carminis,

303 916 341 982 de
364 916 510 995 quoiam
539 916 662 992 antiquo
689 920 829 994 tempora
852 913 1005 976 dubitasse
1028 911 1168 976 videntur
1190 912 1330 977 bortrines
1352 914 1444 978 docti.

302 1001 413 1066 Suidae
432 999 557 1080 puidem
579 999 702 1064 codices
721 1017 745 1064 s.
761 1019 789 1062 v.
808 996 966 1081 ’Όμηρος
989 998 1134 1063 exbibens
1156 999 1216 1062 duo
1238 1000 1359 1062 nomina
1375 1003 1446 1082 βα-

302 1088 510 1173 τραχομαχιά
534 1085 862 1170 μυοβατραχομαχία
876 1133 883 1157 ,
898 1101 952 1160 ¹ou
975 1085 1084 1164 quibus
1108 1085 1233 1148 alterum
1247 1101 1363 1148 erroro
1385 1103 1448 1148 na-

301 1181 363 1236 tum
386 1177 450 1248 est3
482 1169 640 1232 sedidem
663 1189 692 1232 v.
715 1169 846 1253 Πίγρης
865 1169 1024 1250 uulgarem
1051 1171 1178 1232 formam
1209 1170 1318 1251 babet,
1352 1189 1445 1252 quem

303 1265 407 1322 secuta
433 1246 478 1320 'est
501 1255 635 1320 Eudooia
658 1274 685 1336 p.
705 1255 776 1316 ute.
821 1255 910 1336 Apud
932 1256 1003 1320 Plut.
1028 1257 1075 1319 vit.
1098 1257 1183 1320 Hom.
1207 1257 1246 1318 24
1271 1259 1447 1342 despopo-

302 1367 420 1425 poppo
451 1343 499 1423 ἠν
522 1341 571 1421 Pil,
592 1341 874 1426 βατραχυμαχίην
896 1339 946 1404 Pub.
992 1340 1097 1406 (ludex
1118 1343 1242 1405 Homeri
1261 1341 1396 1406 Venetus
1418 1343 1448 1404 Α

303 1448 349 1510 ap.
372 1427 434 1489 Belr
459 1473 465 1488 .
487 1445 538 1507 p.1
561 1433 637 1488 extr.
660 1428 718 1488 sio:
741 1425 1025 1511 βατραχομαχίαν
1047 1422 1068 1509 ἢ
1090 1429 1299 1515 μυομαχίαν.
1345 1429 1448 1494 Marc·

301 1513 560 1598 βατραχομαχία
586 1531 626 1574 ex
648 1511 734 1574 codd.
759 1511 873 1579 habeut
890 1511 1026 1592 fil-*ips
1048 1520 1078 1575 et
1100 1513 1178 1576 Flor.
1201 1532 1247 1594 ap.
1265 1512 1447 1576 Baadlnium
1558 1493 1559 1550 i

302 1600 373 1680 plut
397 1599 447 1678 32,
480 1598 545 1660 cod.
571 1599 628 1678 to,
664 1597 773 1678 quibus
799 1597 1034 1679 accedit-Etyma.
1055 1599 1204 1678 Voss.,ad
1227 1599 1272 1660 m.
1298 1597 1370 1680 tot,
1396 1601 1447 1660 39.

303 1685 404 1747 Ceteri
427 1683 548 1746 codices
570 1685 667 1746 nostri
689 1703 757 1750 oum
778 1683 890 1748 Herod.
906 1683 939 1748 V.
958 1684 1042 1750 Hom.
1064 1692 1094 1748 et
1110 1684 1181 1748 Plut.
1195 1683 1316 1764 Malign.
1332 1683 1448 1748 Herod.

305 1772 344 1830 43
366 1777 489 1832 tuentur
512 1769 670 1848 vulgarem
690 1770 826 1848 formam,
850 1787 929 1849 quae
953 1770 1021 1834 ideo
1045 1770 1116 1832 mibi
1136 1771 1294 1834 retinenda
1317 1771 1449 1851 videtur,

305 1859 375 1938 quia
399 1875 459 1919 vox
482 1855 603 1934 longior
632 1855 790 1919 ridiculum
818 1855 909 1916 habet
933 1853 1127 1935 splendorem
1154 1864 1184 1918 et
1211 1858 1280 1936 quia
1303 1857 1448 1919 inversus
1559 1843 1560 1918 i

306 1943 381 2006 ordo
399 1942 553 2006 nominum
570 1939 759 2023 (praeparo.)
779 1942 967 2020 grammatici
989 1941 1219 2007 hariolationem
1242 1941 1369 2022 redolet,
1394 1945 1449 2023 qui

304 2031 416 2109 primas
439 2035 541 2108 partes
565 2028 694 2090 murium
720 2044 791 2091 esse
820 2026 1083 2106 animadverterat.
1134 2027 1322 2090 Plutarchum
1346 2035 1448 2090 autem

303 2114 505 2280 pplurptgesilao
534 2131 561 2192 p.
587 2112 647 2172 tot
673 2112 872 2198 μνομαχίαν
895 2113 1051 2178 breuitatis
1077 2120 1192 2178 tantum
1215 2129 1308 2178 causa
1331 2114 1449 2178 dixisse

420 2354 445 2422 5.
467 2351 493 2402 7.
532 2351 714 2402 Recensentnr
733 2353 827 2405 varim
847 2350 880 2402 de
898 2362 1009 2404 auctore
1027 2355 1154 2406 carminis
1171 2354 1329 2406 sententiae.

391 2454 525 2534 Delapsa
545 2454 603 2516 iam
627 2450 779 2532 paullatim
801 2449 1004 2531 disputatione
1023 2470 1115 2534 supra
1139 2471 1207 2516 eam
1227 2459 1364 2534 aetatem,
1388 2471 1449 2532 qua

305 2540 441 2605 codicem
458 2539 655 2620 archetypum
674 2538 817 2617 seriptum
840 2554 912 2600 esse
934 2539 1133 2619 suspicamur,
1157 2557 1217 2601 uon
1238 2546 1286 2602 est
1304 2537 1363 2601 boc
1379 2539 1448 2602 loco

306 2625 542 2705 consistendum,
564 2624 618 2688 sed
635 2623 730 2686 >altius
754 2625 843 2684 etiam
867 2624 1088 2688 descendamus
1102 2641 1241 2688 necesse
1264 2630 1318 2688 est.
1362 2623 1448 2686 Prius

306 2714 386 2775 enirn
411 2711 528 2776 absotvt
553 2709 714 2788 disputatio
737 2710 841 2770 critica
864 2713 982 2790 nequit,
1015 2730 1106 2791 quarn
1134 2719 1165 2773 et
1191 2730 1209 2773 a
1239 2727 1299 2790 quo
1328 2715 1358 2771 et
1387 2729 1449 2790 qua

307 2805 405 2862 aetate
432 2805 463 2860 et
490 2813 550 2877 quo
574 2795 701 2858 oonsilio
725 2796 868 2876 scriptum
892 2798 930 2858 sit
953 2815 1078 2860 carmen
1101 2798 1343 2879 reppererimus;
1376 2813 1447 2858 nam

306 2886 365 2950 uisi
393 2883 431 2946 de
460 2883 506 2946 bis
534 2882 628 2945 rebus
659 2881 758 2961 aliqua
789 2881 895 2945 saltem
924 2883 1121 2962 probabiliter
1147 2890 1299 2963 comperta
1323 2881 1448 2962 babeas,

307 2970 398 3034 multa
422 2969 588 3032 manebunt
604 2968 744 3047 obscura,
768 2967 857 3030 multa
877 2968 975 3048 dubia,
1001 2970 1092 3032 multa
1105 2970 1195 3050 plane
1212 2986 1274 3030 non
1289 2966 1449 3030 intellecta.

390 3055 520 3116 Primum
544 3055 636 3135 igitur
656 3052 868 3130 ‘quaerendum
883 3055 953 3134 est,
983 3054 1054 3134 quid
1079 3055 1116 3118 de
1139 3057 1258 3134 origine
1280 3053 1449 3116 Batracho-

308 3139 516 3221 myomachiae
546 3138 687 3202 traditum
718 3140 771 3212 sit3
806 3139 843 3200 de
866 3149 933 3218 'qua
967 3158 1003 3202 re
1033 3158 1149 3206 summa
1177 3149 1223 3203 cst
1254 3147 1284 3202 et
1310 3147 1447 3202 veterum

308 3228 491 3309 scriptorum
525 3233 554 3288 et
577 3226 782 3288 recentiorum
806 3225 974 3290 dissensio.
1024 3225 1071 3290 Ac
1098 3228 1136 3289 de
1163 3227 1296 3289 llomero
1327 3225 1447 3306 quidem

309 3332 398 3395 quen
422 3314 524 3378 ferunt
546 3319 717 3390 auctorem,
743 3312 846 3372 brevis
867 3319 967 3392 potest
989 3329 1060 3375 esse
1083 3316 1210 3391 mentio;
1242 3329 1343 3392 neque
1369 3313 1448 3373 anim

308 3397 478 3462 nunciare
501 3404 556 3468 est,
583 3399 635 3475 qui
657 3397 771 3475 aliquid
791 3397 903 3458 tribuat
926 3399 1110 3462 auctoritatis
1133 3399 1174 3460 illi
1197 3399 1248 3478 qui
1270 3398 1450 3478 conscripsit

309 3489 398 3548 vitam
420 3482 545 3546 llomeri
568 3482 691 3544 nomine
713 3480 858 3544 Herodoti
883 3481 1082 3563 venditatum,
1104 3483 1156 3546 ubi
1177 3502 1325 3546 summum
1349 3491 1448 3546 vatem

308 3589 401 3652 quam
422 3569 530 3634 Bolissi
549 3575 633 3632 esset
654 3568 864 3649 composuisse
888 3567 918 3630 id
941 3587 1063 3632 carmen
1080 3571 1178 3634 animi
1201 3587 1294 3633 eausa
1315 3568 1449 3632 traditur.

308 3655 368 3722 Sed
391 3664 492 3720 tamen
517 3655 593 3720 baec
617 3656 718 3735 opinio
737 3653 826 3716 fidam
848 3653 951 3718 babuit
973 3657 1003 3718 in
1024 3657 1135 3737 vulgus
1159 3675 1219 3718 aon
1244 3657 1394 3736 exiguam,
1418 3663 1450 3718 ut

307 3743 436 3819 videtur,
460 3760 499 3803 ex
521 3743 726 3820 antiquiorum
747 3749 916 3822 temporum
940 3745 1102 3821 momoria3
1126 3759 1186 3822 quo
1208 3741 1317 3806 iactum
1341 3749 1396 3820 est,
1419 3750 1450 3804 ut

309 3830 398 3894 etiam
422 3826 548 3902 Statius,
579 3825 739 3908 Mamblis,
770 3826 946 3906 Fulgentius
975 3845 1099 3892 carmen
1124 3828 1257 3892 Homero
1286 3828 1449 3892 attribuere

309 3915 382 3980 nibil
404 3913 582 3980 dubitarent.
626 3913 738 3978 Varum
760 3911 949 3978 credulitatis
968 3917 1070 3996 populi
1093 3921 1125 3978 et
1145 3915 1245 3978 obtusi
1266 3913 1368 3978 iudicii
1388 3931 1448 3977 non

308 4001 405 4063 luisse
428 4001 529 4063 socios
552 4000 693 4061 acutioris
717 4001 799 4062 viros
821 4000 937 4083 ingenii
961 4019 1052 4082 quum
1075 4018 1132 4081 pst·
1153 4017 1188 4063 se
1210 4003 1283 4064 salis
1307 4007 1354 4063 est
1378 4019 1450 4062 cre-

309 4086 410 4166 dibile,
432 4093 493 4148 tum
517 4085 779 4148 tessellatam
802 4085 1054 4168 locupletissimos
1077 4089 1290 4168 grammaticos
1312 4086 1449 4151 Alexan·

310 4172 415 4234 drinos
438 4189 556 4253 eosque
580 4173 630 4253 qui
654 4173 690 4234 ab
713 4171 819 4236 borum
843 4173 999 4254 disciplina
1015 4173 1158 4256 pendent,
1183 4175 1234 4254 qui
1253 4173 1323 4236 dum
1340 4181 1448 4256 taceat,

311 4265 343 4322 ut
360 4257 418 4322 boc
440 4264 517 4338 utar,
539 4260 710 4340 loquuntur.
756 4255 805 4320 Sic
827 4261 908 4322 anim
929 4265 1013 4321 recte
1036 4259 1108 4322 mibi
1130 4261 1237 4324 videor
1258 4261 1449 4340 interpretari

311 4363 418 4408 eorum
441 4344 608 4426 silentium,
631 4348 684 4426 qui
698 4346 870 4410 :carminum
893 4343 1122 4412 Homericorum
1144 4345 1356 4410 studiosissimi
1378 4346 1449 4410 aibil

312 4449 454 4513 unquam,
478 4431 559 4512 quod
578 4434 615 4494 ad
635 4439 769 4496 nostran
786 4429 907 4512 quidem
927 4439 1054 4496 aetatem
1077 4435 1115 4496 sit
1130 4439 1291 4511 servatum,
1316 4432 1353 4494 de
1371 4432 1449 4497 Batr.

307 4518 591 4606 commemorarint,
619 4536 673 4582 aas
688 4535 818 4602 ,omnen
840 4517 911 4584 illud
932 4518 1021 4602 plane
1042 4519 1233 4600 abiudicasse
1256 4517 1294 4582 ab
1316 4518 1448 4586 llomera
