3124 5220
750 333 761 350 '
844 375 889 444 ec

294 553 415 633 insigne
438 551 607 632 exemplum
631 551 847 633 praebentur.
872 551 941 612 124.
968 551 1038 632 126,
1071 549 1122 628 ubi
1144 547 1189 610 sic
1211 549 1242 609 in
1267 549 1437 631 archetypo

296 641 438 719 scripturn
467 639 560 702 luisse
589 655 687 718 paene
716 638 892 700 necessario
920 655 959 700 ex
985 637 1121 700 codicum
1151 637 1297 698 varietate
1319 653 1438 698 conse·-

295 727 414 805 quitur:
978 763 980 768 -

802 808 877 887 περὶ
901 806 1067 894 κνήμῃσιν
1090 801 1221 888 ἔθηκαν

381 892 542 978 κνημῖδας
563 895 629 976 μὲν
652 893 785 974 πρῶτον
806 889 1007 998 ἐαηρμοοανΥ
1025 885 1159 996 σι’,ςβύη
1182 885 1314 974 μηρούς

969 1002 1009 1042 ev
1029 1002 1046 1040 τ
1066 1000 1274 1055 ασκησαντσς

386 1059 541 1150 ῥήξαντες
563 1055 714 1140 κυάμους
735 1055 901 1148 χλωρούς,
923 1057 1053 1144 κνήμας
1076 1054 1315 1126 (ι’ὲκάλαατσν.

297 1151 373 1214 Nem
396 1149 568 1230 primariam
589 1146 749 1210 lectionem
774 1153 877 1208 tenent
897 1147 1009 1227 alep,
1043 1165 1135 1228 supra
1158 1148 1267 1226 scripta
1291 1145 1439 1210 exhibent

296 1237 444 1314 sbrnreo
466 1231 527 1314 (qui
548 1230 652 1296 maluit
674 1227 822 1313 ἔθεντο),
853 1232 948 1294 ceteri
970 1236 1092 1296 mixtam
1111 1251 1154 1294 cx
1176 1239 1304 1311 utraque
1325 1231 1439 1294 lectio-

299 1341 377 1384 nern.
421 1318 495 1382 Nam
513 1337 604 1398 quum
626 1319 754 1398 primum
776 1335 886 1380 versus
905 1319 1084 1382 Homericus
1106 1315 1305 1384 infcalarnum
1328 1320 1439 1383 venis-

299 1415 361 1487 set,
393 1406 531 1470 homines
562 1403 712 1484 simplices
740 1419 801 1464 non
832 1403 1003 1466 dubitarunt
1031 1423 1158 1469 assuere
1175 1407 1342 1483 sequentia
1364 1403 1438 1466 licet

299 1492 482 1572 tautologiae
504 1491 636 1568 obnoxia
660 1487 713 1571 (sic
734 1487 976 1572 cbcdcptu),
1003 1491 1111 1570 reliqui
1134 1497 1250 1568 autern,
1274 1491 1324 1569 qui
1347 1499 1438 1552 erant

301 1580 427 1644 acrioris
450 1576 569 1649 iudicii,
601 1575 726 1641 alterum
749 1591 870 1640 versum
894 1583 1011 1642 mutare
1034 1583 1064 1637 et
1087 1577 1152 1638 ausi
1175 1583 1203 1637 et
1225 1592 1353 1637 neccsse
1377 1575 1438 1636 ba·-

299 1665 406 1729 bcntcs
430 1654 469 1728 sd
492 1654 520 1727 τ’
540 1653 744 1742 α’σανξσαντερ
772 1661 955 1726 induxerunt
984 1659 1156 1743 (strnue).
1212 1660 1272 1724 Sed
1301 1663 1436 1738 genuina

299 1757 366 1814 utre
388 1749 427 1811 sit
447 1748 548 1826 lectio,
571 1747 692 1808 nonita
716 1743 835 1808 difficile
859 1753 906 1810 est
928 1747 1017 1828 dictu,
1039 1747 1283 1828 quandoquidem
1305 1747 1437 1810 formula

298 1836 457 1900 Homerica
480 1832 647 1896 verendum
674 1838 721 1894 est
748 1849 787 1894 ne
814 1850 921 1894 errore
947 1834 1061 1895 librarii
1086 1832 1243 1912 irrepserit
1267 1849 1437 1912 ausamque

299 1923 417 1988 dederit
437 1920 475 1983 ad
498 1925 677 1999 sequentem
701 1935 821 1982 versum
845 1918 1085 1998 depravandum,
1108 1935 1209 2000 neque
1231 1917 1320 1980 facilc
1343 1919 1437 1980 intel-

299 2010 409 2092 ligitur,
433 2006 583 2087 quomodo
607 2004 700 2066 altera
721 2003 810 2066 lectio
828 2012 896 2066 nata
915 2023 987 2068 esse
1002 2007 1107 2085 possit.
1150 2003 1225 2066 Ncrn
1245 2003 1324 2082 quod
1346 2004 1437 2066 dixe-

300 2096 337 2156 rit
366 2093 513 2173 quispiam
535 2089 631 2152 verbo
659 2085 853 2170 ἐφήρμοττον
882 2091 1111 2170 explicationem
1142 2089 1265 2151 alterius
1298 2089 1436 2152 lectionis

300 2180 461 2257 contineri,
493 2177 524 2238 in
546 2174 710 2238 notissima·
725 2174 853 2236 turmula
877 2176 1066 2240 substitutam
1089 2192 1160 2238 csse
1183 2193 1289 2236 vocem
1312 2177 1437 2238 minime

300 2264 507 2346 pervulgatam
538 2259 594 2345 (est
617 2260 695 2340 apud
716 2260 787 2322 Hes.
810 2259 886 2341 Opp.
910 2262 959 2344 76)
989 2265 1039 2324 vix
1066 2261 1261 2338 crediderim3
1295 2268 1327 2322 et
1354 2262 1436 2325 unde

299 2351 371 2415 illud
401 2354 447 2420 sic
471 2345 531 2412 δύο
556 2348 678 2428 μοίρας
705 2342 754 2427 (ita
777 2347 855 2408 enim
877 2347 1040 2428 legendum
1065 2365 1104 2408 ex
1126 2346 1262 2408 Barnesii
1286 2343 1437 2410 emenda.

300 2434 406 2518 tione),
429 2433 509 2515 quod
532 2449 593 2494 non
615 2432 792 2512 repudiasse
814 2431 894 2495 bunc
916 2442 1035 2513 poetam
1058 2433 1186 2496 ostendit
1208 2451 1235 2494 v.
1258 2431 1343 2492 265?
1386 2434 1435 2494 Ad

300 2521 371 2584 illud
395 2515 527 2600 ννημας
550 2509 739 2582 §soloecon
761 2518 898 2598 proxime
916 2520 1031 2584 accedit
1053 2539 1081 2582 v.
1097 2519 1172 2596 1613
1195 2525 1224 2578 et
1239 2517 1319 2597 quod
1335 2519 1436 2598 paullo

299 2605 519 2670 incommodius
542 2610 677 2665 assertus
699 2604 817 2666 videtur
838 2621 865 2666 v.
884 2606 954 2684 126,
975 2606 1110 2670 eiusdem
1132 2607 1288 2668 iuncturae
1311 2603 1436 2668 leuioris

302 2689 440 2771 exempla
464 2693 533 2754 sunt
554 2685 639 2750 ilum.
661 2688 703 2769 Z,
716 2689 776 2748 293
789 2707 857 2768 sqq.
879 2692 922 2770 A,
938 2692 1067 2772 242sq.‚
1090 2691 1233 2770 quocirca
1256 2691 1435 2752 tutissimum

301 2785 348 2842 est
369 2779 448 2841 banc
467 2774 627 2842 lectionem
650 2776 821 2836 restituere.
843 2810 886 2820 -
917 2777 952 2839 V.
980 2777 1039 2836 173
1061 2782 1145 2839 recte
1168 2769 1308 2854 editura}
1330 2779 1437 2856 μασιν

300 2860 483 2930 ἀθανάταν
505 2877 572 2924 cunr
595 2859 796 2942 AGblncp,
830 2861 910 2942 quod
941 2863 1162 2926 defendendum
1185 2868 1232 2924 est
1252 2869 1358 2929 contra
1381 2880 1438 2922 ce-

299 2956 434 3012 terorum
463 2947 684 3027 conceptarum
715 2967 755 3009 cx
786 2965 813 3010 u.
840 2948 899 3008 178
932 2949 1136 3028 desumptum,
1171 2955 1200 3010 et
1224 2946 1303 3028 quod
1327 2947 1397 3009 lusit
1418 2967 1438 3008 σ

299 3025 504 3116 τερπόμενοι
521 3047 562 3091 ex
584 3048 610 3090 v.
629 3031 696 3092 176.
739 3031 881 3096 Eiusdem
906 3051 1013 3098 versus
1033 3033 1225 3114 perturbatus
1248 3029 1317 3094 finis
1340 3041 1387 3094 est
1406 3034 1436 3094 in

300 3115 479 3200 quibusdam
501 3114 587 3177 codd.
609 3117 648 3181 ob
671 3117 812 3180 nendum
837 3119 956 3198 aliquod
986 3120 1157 3201 archetypi,
1189 3125 1221 3182 ut
1244 3117 1371 3182 videtur.
1394 3151 1437 3166 —

300 3207 390 3269 Plane
415 3203 554 3268 submota
577 3201 630 3266 luit
653 3221 726 3269 vera
749 3204 840 3271 lectio
865 3205 943 3288 246,
966 3224 1026 3287 quo
1048 3224 1141 3269 versu
1164 3204 1283 3284 plurimi
1304 3203 1373 3266 libri
1396 3206 1436 3269 ita

301 3285 389 3372 τύψε
411 3288 445 3354 δέ
468 3293 498 3354 ul
520 3291 648 3369 μέσσην
672 3287 753 3356 κατα
777 3293 938 3372 γαστέρα,
967 3294 1019 3356 ubi
1042 3298 1072 3358 αἱ
1095 3290 1184 3354 eloh
1211 3307 1345 3369 sequens
1368 3290 1438 3358 παῖς

302 3376 336 3440 dr'
356 3377 386 3438 ci
405 3375 479 3434 ειόα
496 3379 668 3450 suspectum
693 3383 740 3436 est
762 3380 791 3434 et
813 3379 883 3453 quie
907 3377 1026 3438 dativus
1049 3378 1086 3440 ab
1109 3395 1166 3439 usu
1189 3376 1339 3440 sermonis
1360 3377 1439 3454 epici

302 3457 453 3522 abhorret.
497 3453 556 3518 Sed
579 3455 664 3517 mbr:
684 3458 833 3537 praebent
854 3457 941 3540 edus
964 3463 1074 3544 μέσην
1098 3453 1125 3525 d'
1139 3456 1246 3528 ον’τὸν
1269 3487 1298 3524 κ.
1321 3485 1364 3539 μ,
1385 3463 1437 3522 ubi

301 3542 445 3628 particula
476 3542 565 3604 tertio
595 3541 663 3604 loco
694 3542 839 3606 collocata
867 3543 1011 3624 displicet.
1062 3545 1163 3608 Tacite
1194 3544 1277 3608 dedit
1301 3545 1437 3608 ‘Wollius

303 3628 391 3714 τύψε
418 3627 452 3692 de'
479 3651 540 3706 μιν
563 3629 709 3709 μέσσην,
742 3628 821 3708 quod
845 3631 897 3708 qui
917 3631 1041 3694 Homeri
1062 3649 1149 3696 usum
1178 3631 1265 3694 uellet
1287 3629 1341 3712 (A,
1366 3633 1437 3694 252.

306 3717 346 3793 Ρ,
370 3713 456 3793 312),
489 3713 579 3774 unice
600 3730 705 3778 verum
728 3715 858 3780 babebit.
903 3717 976 3780 Min
1002 3719 1033 3780 in
1059 3717 1117 3780 boc
1140 3721 1274 3780 carmine
1297 3717 1388 3778 ctiam
1409 3736 1436 3780 v.

305 3799 508 3878 subtegitur.
532 3828 573 3840 —-
607 3797 733 3864 llinoris
757 3804 898 3864 momenti
920 3801 997 3866 baec
1020 3811 1101 3866 sunt:
1136 3803 1196 3864 122
1219 3796 1313 3870 σαντ’
1333 3797 1437 3868 anub

304 3885 416 3948 babent
437 3898 544 3944 omnes
567 3891 687 3961 praeter
709 3907 726 3950 τ
748 3882 809 3960 ds,
837 3888 918 3968 quod
938 3889 1127 3969 probandum
1152 3896 1197 3952 cst
1219 3908 1258 3952 ex
1279 3905 1338 3952 usu
1361 3907 1438 3952 con-

304 3973 395 4036 stenti
418 3969 506 4032 huius
528 3975 656 4048 poetae,
687 3989 714 4033 v.
739 3973 788 4034 65.
813 3974 863 4037 99.
890 3976 958 4036 lit.
985 3977 1054 4040 166.
1084 3976 1152 4036 177,
1180 3974 1249 4036 tue.
1272 3975 1343 4036 211.
1368 3975 1438 4038 266.

302 4056 338 4119 V.
356 4057 392 4116 21
420 4055 497 4122 mule
518 4056 652 4120 nonnulli
673 4057 729 4121 aei
751 4083 787 4124 cr
808 4061 923 4143 βλέπω
944 4080 999 4142 pro
1022 4060 1078 4124 cei
1100 4061 1133 4124 ol
1158 4053 1273 4140 d’dpui,
1295 4057 1377 4140 quod
1400 4079 1438 4122 nc

303 4161 372 4204 curn
393 4141 540 4206 Barnesio
563 4150 712 4206 mutemus
735 4144 789 4208 uel
810 4144 844 4212 dt
862 4137 889 4210 α’
902 4139 963 4226 dcci
985 4144 1150 4211 secundum
1171 4147 1205 4228 Υ,
1223 4147 1291 4206 105.
1308 4145 1352 4225 Χ,
1369 4147 1439 4210 426.

303 4226 436 4307 12561,
457 4236 540 4292 vetat
562 4231 606 4294 vis
627 4229 824 4310 oppositionis
842 4231 871 4292 in
889 4233 1069 4311 pronomine
1093 4234 1198 4312 posita.
1242 4229 1275 4288 V.
1292 4228 1352 4290 162
1377 4256 1441 4299 κο-

306 4313 371 4380 tua
393 4315 536 4397 χλοερῶν
559 4307 628 4382 dod
649 4307 796 4382 οετῖτλων
819 4335 858 4377 ex
878 4319 1228 4385 auctoritatemeliorum
1244 4312 1439 4380 scribendum

305 4415 398 4462 sensu
419 4397 491 4458 nibil
514 4405 636 4465 mutato.
679 4399 738 4464 Sed
761 4419 789 4463 v.
815 4401 876 4461 302
900 4401 1002 4467 dubito
1019 4411 1123 4469 ⁵utrum
1146 4391 1226 4470 rude
1250 4397 1284 4463 db
1307 4403 1438 4466 scribam

304 4503 344 4548 ex
366 4484 506 4561 Adeo,
537 4503 574 4548 an
598 4480 681 4562 rode
703 4489 755 4556 aul
778 4488 945 4583 secundum
967 4497 1088 4565 peteres
1110 4481 1177 4550 coll.
1201 4481 1286 4558 Hom,
1300 4486 1344 4571 A,
1363 4490 1441 4569 4063

658 4924 932 5150 A*
