3124 5220
713 346 758 412 et

172 518 324 582 essedae
347 516 431 576 nullo
455 517 592 592 acetoso,
615 517 695 598 quod
718 517 745 580 b.
769 518 786 579 l.
809 519 940 598 ineptum
964 521 1018 576 est.
1034 548 1077 558 κ
1087 512 1138 598 pv.
1156 516 1214 575 127
1219 563 1225 576 .
1250 515 1308 578 128

171 607 201 667 in
224 603 311 669 cedd.
335 601 474 664 omnibns
496 603 633 665 collocati
659 610 727 666 sunt
748 611 816 684 post
841 599 917 680 131,
953 618 1029 680 quos
1052 601 1083 662 in
1106 601 1186 662 illum
1210 602 1308 666 locum

174 693 252 754 bene
276 689 459 768 transposuit
485 687 721 771 ChalcondylaS,
745 692 814 770 quia
836 689 985 754 Homerus
1008 652 1232 781 buncdcmper
1256 707 1310 750 or-

173 779 272 840 dinem
297 773 489 836 desoribendi
514 778 646 841 servavit
668 778 697 841 in
721 783 871 840 armatura
895 775 1031 854 heroum,
1057 780 1088 835 ut
1110 781 1178 856 post
1201 791 1308 836 ocreas

171 863 282 926 thorax
302 860 525 939 nominaretur;
552 862 621 924 vide
642 863 786 944 imprimis
809 863 853 942 A,
878 863 914 922 17
939 878 1004 940 sqq.

261 946 320 1011 Sed
342 947 536 1025 pervenimus
560 948 596 1008 ad
621 968 675 1013 cos
697 949 797 1030 locos,
828 950 879 1011 ubi
908 948 1045 1010 codicum
1068 963 1130 1025 ope
1149 945 1309 1026 desperata

175 1035 268 1098 verba
292 1039 402 1113 poetae
425 1033 598 1099 coniectura
621 1043 690 1098 sunt
712 1035 905 1114 retingenda3
928 1051 1007 1114 quae
1030 1049 1081 1095 res
1104 1032 1185 1114 quod
1206 1034 1309 1112 paucis

173 1129 287 1192 tanturn
311 1119 386 1180 locis
414 1135 563 1198 prospere
587 1121 729 1201 cesserit,
764 1127 922 1201 perspecta
953 1118 1108 1198 archetypi
1123 1119 1310 1194 ,conditione

173 1205 263 1272 nemo
286 1222 361 1268 sane
384 1207 492 1283 poterit
515 1207 627 1268 mirari.
671 1206 811 1270 Editones
832 1215 931 1270 autern
948 1213 1069 1285 praeter
1086 1222 1132 1285 ea,
1156 1223 1234 1284 quae
1250 1207 1309 1275 iam

173 1293 266 1373 attuli,
289 1290 438 1371 probabili
461 1293 550 1355 rnodo
573 1294 735 1372 genuinam
757 1294 916 1356 lectionem
940 1291 986 1354 his
1009 1289 1083 1352 locis
1104 1293 1310 1357 restituerunt.

173 1381 205 1442 V.
232 1379 269 1438 12
298 1375 436 1441 traditum
466 1385 512 1439 est
538 1380 678 1454 omnibns
704 1379 834 1442 tortasse
857 1378 1011 1442 codicibus
1035 1375 1083 1458 (de
1104 1376 1309 1456 compluribus

172 1481 306 1528 resnou
330 1461 423 1545 certa)
446 1462 658 1551 Λομνόχορις
680 1463 900 1549 πολύφημος,
927 1465 1007 1526 unde
1030 1463 1210 1542 Bnrnesius,
1240 1465 1309 1544 quia

171 1546 384 1695 Arpodpuprc
407 1565 468 1610 non
491 1557 537 1610 est
560 1568 671 1620 nornen
694 1549 782 1613 huius
805 1569 916 1632 ranae,
947 1558 1029 1612 recte
1052 1549 1122 1612 fecit
1144 1549 1310 1636 λιμοοχω

171 1629 239 1718 ulls·
304 1633 371 1696 dom
403 1653 430 1696 V·
455 1635 502 1692 52¹
527 1631 796 1718 cpoytoddoooea
827 1638 951 1700 mutavit
981 1637 1010 1698 in
1043 1629 1310 1718 apdyloddonmu,

171 1718 314 1802 quonlam
341 1719 418 1786 haee
441 1720 505 1782 sola
535 1720 631 1784 forma
661 1728 756 1784 metro
785 1725 938 1788 convenit.
962 1759 1003 1768 -
1037 1719 1167 1784 Wollius
1194 1721 1310 1801 primus

171 1827 198 1868 v.
215 1805 255 1864 43
279 1801 348 1869 ἀλλ’
361 1797 463 1881 addila
486 1802 572 1887 perd
591 1807 706 1886 μῶλον
728 1803 788 1871 ἰών
809 1805 1034 1894 προμάχοισιν
1055 1807 1206 1891 &galgalae
1221 1807 1310 1870 *serl-

171 1891 302 1955 bendum
325 1885 500 1962 villarada
523 1890 725 1958 Homericum.
769 1891 877 1974 Neque
899 1899 997 1958 minus
1020 1892 1157 1972 probavit
1179 1892 1308 1957 studium

171 1975 295 2040 Homeri
315 1972 489 2057 Ernestius,
520 1997 612 2058 quum
638 1978 697 2036 118
722 1973 740 2043 ὃ
764 1979 874 2058 apr'aor
897 1970 940 2064 ἦν
964 1997 1020 2060 pro
1043 1977 1203 2040 enunciata
1225 1977 1309 2040 rela-

170 2069 230 2127 1110
262 2062 467 2143 accipiendum
497 2063 609 2126 docuit.
658 2064 693 2124 V.
718 2065 757 2122 74
787 2055 855 2130 α’πό
882 2059 1051 2143 στόματός
1080 2055 1107 2129 τ’
1129 2055 1310 2145 οἷγόρινσεν

169 2150 302 2230 llgenius
325 2149 466 2225 correxit,
489 2167 581 2228 quum
602 2158 689 2212 antea
711 2151 868 2229 legeretur
887 2144 927 2230 d'3
951 2168 1052 2231 neque
1075 2151 1173 2229 magis
1196 2149 1308 2212 adver-

170 2253 287 2314 samur,
310 2233 389 2314 quod
413 2233 491 2295 idem
516 2235 576 2294 228
601 2253 712 2298 nomen
734 2253 828 2306 ranae
853 2237 1032 2316 Φιλτροῑον
1054 2237 1189 2315 reposuit
1212 2233 1310 2317 (codd.

173 2325 349 2402 Φοοροῑον,
383 2319 570 2405 bizancena)
591 2323 610 2383 i.
634 2324 860 2402 apertionem
883 2327 1050 2396 amantem,
1085 2320 1152 2381 coll.
1176 2319 1309 2394 Eustatb.

170 2429 199 2490 p.
225 2406 316 2468 1163.
352 2405 489 2471 Dioscor.
511 2405 559 2487 tv,
584 2409 635 2480 75.
684 2408 779 2470 Etiam
802 2407 1018 2471 Boissonadius
1039 2406 1070 2469 in
1093 2405 1162 2468 edit
1186 2405 1309 2472 Homeri

175 2495 255 2554 1824
282 2490 343 2574 (nbi
360 2491 468 2572 ligenii
488 2490 553 2554 fere
576 2501 687 2556 textum
711 2493 838 2577 repetiit]
861 2492 899 2556 ad
922 2492 1134 2574 expoliendum
1157 2491 1215 2554 boc
1238 2513 1310 2556 car-

171 2599 239 2642 men
264 2579 388 2640 contulit
408 2594 436 2640 v.
466 2577 520 2636 111
549 2580 710 2644 scribendo
734 2575 755 2661 η’
779 2592 872 2661 oripo
898 2573 1000 2660 κακή,
1031 2597 1123 2660 quum
1147 2586 1217 2642 ante
1240 2599 1310 2646 curn

171 2661 356 2747 particulos
379 2665 516 2743 uigorem
539 2668 711 2729 sententiae
736 2665 824 2746 plane
846 2667 1055 2747 repressisset.
1077 2699 1120 2712 -
1162 2665 1230 2747 lpse
1253 2686 1311 2735 au-

171 2760 231 2816 tem
255 2768 346 2832 quum
374 2751 493 2830 magnis
519 2752 718 2816 emendandis
744 2754 890 2832 imparem
918 2771 967 2817 me
994 2755 1153 2832 sentirem,
1186 2755 1311 2832 parvula

170 2846 283 2902 lantum
307 2838 428 2900 lenlavi.
472 2834 506 2898 V.
528 2836 587 2896 14³
611 2839 713 2919 optimi
736 2839 847 2910 habent
864 2844 986 2910 οἵτινες
1004 2873 1045 2885 --
1061 2828 1234 2920 γεγόνατε,
1256 2858 1311 2908 11-;

171 2924 246 3005 liqui
268 2918 421 3008 yryo'nra.
465 2921 579 2986 Neutra
602 2923 699 2987 lorma
722 2941 814 3004 quum
836 2929 932 2987 metro
955 2923 1145 2986 satisfaceret
1166 2918 1206 3002 (id
1226 2927 1310 3005 quod

171 3010 305 3090 neglexit
327 3007 433 3070 Buttm.
458 3007 507 3070 Gr.
532 3009 788 3093 cantiprat),
811 3008 962 3078 Frankius.
981 3028 1021 3072 ex
1043 3007 1210 3073 Tbiersobii
1233 3028 1311 3074 con-

170 3100 285 3162 iectura
310 3091 397 3154 dedit.
412 3087 570 3175 yryo'ccrr
602 3116 680 3178 quae
704 3096 876 3164 emendatio
901 3096 1029 3174 aliquam
1052 3097 1118 3158 veri
1141 3096 1310 3162 similitudi-

169 3201 239 3246 nem
261 3181 352 3242 babet
374 3198 414 3240 ex
436 3178 522 3241 Hom.
544 3181 591 3263 H,
618 3183 686 3242 159.
731 3177 790 3246 Sed
813 3199 875 3246 non
897 3179 1006 3260 video,
1035 3181 1186 3260 quomodo
1209 3183 1308 3247 tritam

171 3271 249 3332 bane
271 3267 399 3329 sormam
425 3268 616 3345 corruperint
640 3268 768 3345 librarii;
802 3266 874 3330 mibi
898 3266 997 3346 potius
1024 3266 1167 3346 scriptum
1190 3267 1309 3332 videtur

169 3349 358 3440 ysyo'rnode,
389 3369 458 3414 rara
486 3351 647 3418 declinatio
674 3354 807 3434 ideoque
833 3369 888 3434 per
910 3353 1044 3434 glossam
1068 3349 1309 3436 1116111111-

171 3442 267 3522 pulsa,
290 3436 346 3500 sed
370 3456 459 3519 quarn
482 3441 609 3505 eandem
632 3449 716 3504 recle
737 3441 928 3506 Hermannus
950 3440 1085 3520 reposuit
1108 3457 1148 3501 ex
1165 3439 1255 3503 Suida
1278 3445 1309 3506 in

170 3528 272 3610 Epigr.
294 3523 381 3586 Hom.
413 3525 459 3601 16,
488 3525 522 3602 3,
561 3528 696 3606 tollitque
729 3529 930 3593 dubitationes
964 3526 1001 3586 de
1033 3526 1159 3586 veritate
1193 3526 1309 3592 formae

169 3615 278 3695 Hymn.
301 3610 377 3672 Van.
403 3609 462 3670 197
493 3604 720 3694 e'uyeydonaut·
771 3612 854 3675 ldem
876 3627 956 3672 nunc
978 3609 1117 3682 Rotbium
1139 3610 1229 3674 video
1252 3632 1308 3692 poa

169 3700 270 3764 suisse
292 3715 328 3759 re
348 3698 401 3758 vix
424 3703 533 3760 notata.
557 3732 596 3742 -
631 3699 664 3760 V.
691 3699 749 3757 165
779 3698 950 3765 etiamnunc
980 3699 1046 3760 sine
1073 3703 1170 3761 metro
1199 3697 1310 3780 legitur

168 3787 224 3851 ecl
247 3783 324 3864 κὲρᾶ
346 3783 481 3868 neptalin
505 3784 636 3848 λεπτῶν
655 3775 820 3854 ardinnae
839 3781 981 3866 adanae,
1004 3785 1065 3858 ubi,
1088 3784 1236 3864 siquidem
1257 3788 1311 3850 κέ-

170 3893 231 3953 ρας
247 3869 284 3930 de
302 3868 445 3932 cochleae
462 3875 538 3932 testa
556 3867 614 3932 dici
629 3877 727 3951 potest
745 3867 836 3951 (quod
852 3868 1025 3949 significare
1038 3869 1156 3932 videtur
1166 3868 1309 3935 Achaeus

172 3977 217 4038 ap.
238 3953 348 4020 Alban.
370 3957 398 4035 2,
422 3955 482 4019 aab
507 3955 641 4040 κοχλίας
662 3952 824 4036 οεοοοοᾰς
847 3954 976 4040 dicens),
999 3953 1162 4034 legendum
1186 3963 1232 4017 est
1254 3957 1309 4025 nol

171 4037 212 4107 οοὶ
235 4044 325 4121 κέρα.
379 4041 426 4104 De
453 4069 473 4108 ο
501 4039 648 4124 producto
672 4062 699 4102 v.
723 4041 831 4124 Buttm.
853 4042 903 4105 Gr.
932 4041 1010 4106 atax.
1031 4041 1052 4102 l.
1081 4059 1109 4120 p.
1134 4038 1243 4124 labii).
1268 4077 1310 4088 --

170 4130 204 4191 V.
220 4128 281 4188 272
300 4128 331 4190 iu
353 4126 438 4190 libris
457 4128 523 4192 iere
546 4129 685 4192 omuibus
706 4128 786 4192 inest
806 4121 848 4196 ον’
870 4121 991 4207 μικρόν
1012 4151 1056 4207 pr
1078 4123 1311 4208 11λὴ1111111·

173 4212 358 4298 ριολοίροοξ,
388 4208 424 4287 ὃς
447 4207 531 4280 acad
556 4214 700 4298 λίμνην,
727 4215 779 4279 ubi
802 4233 892 4296 quum
916 4209 952 4284 ὃς
974 4219 1055 4279 state
1078 4212 1204 4294 debeat,
1232 4212 1310 4277 eadit

174 4340 438 4362 W

168 4435 171 4442 ·
231 4415 262 4486 “l
281 4415 373 4480 Minus
392 4415 415 4469 ri
434 4413 478 4466 eni
497 4391 563 4468 baec
583 4431 625 4468 res
645 4423 717 4471 certa
737 4411 877 4474 ridebitur.
895 4412 1037 4468 edentulis
1057 4426 1108 4469 uox
1126 4410 1223 4480 caldor]
1238 4411 1310 4482 apud

169 4489 387 4562 Theophrastum
407 4485 535 4570 detentis
552 4486 707 4543 aninrnlinm
727 4483 893 4557 pervulgata.
