3124 5220
841 277 884 346 18

296 462 338 518 1ο1
365 453 439 518 locis
461 451 577 516 fraudis
604 453 758 515 convictos
786 453 897 513 ceteris
926 455 1153 528 anteponamus.
1197 444 1356 508 Manifesta
1381 463 1432 509 res

298 549 345 602 est
368 541 445 622 176,
473 539 525 601 nbi
547 540 578 600 in
601 537 726 620 reliquis
749 539 889 601 omnibus
911 537 1024 616 legitur
1047 535 1098 599 nol
1122 531 1275 614 ἐδέσμασι
1301 555 1433 596 παυσα-

297 625 468 702 δαποῑοον,
492 625 576 687 solus
596 646 618 706 y
640 643 680 688 ex
701 625 949 704 interpretatione
971 620 1102 682 tortasse
1125 620 1329 698 suprascripta
1353 618 1433 680 dedit

297 713 352 777 acl
374 710 527 778 θοοιοίυκ
548 710 743 792 ἐδέσμασιυς
777 729 816 771 ex
838 727 899 791 quo
921 725 950 768 m
976 703 1283 784 suscitationem
1307 708 1341 766 ἐκ
1366 711 1434 767 θυ-

298 790 411 861 nicion.
462 796 583 858 Poterat
613 815 687 859 sane
717 802 806 877 poeta
837 799 881 858 sic
911 793 1061 868 scribere3
1093 789 1148 851 sed
1170 789 1241 852 illud
1265 797 1294 850 et
1316 787 1433 851 collatis

297 901 358 946 vss.
381 883 429 944 31.
463 881 500 941 41
534 881 763 945 commendator
793 899 895 962 neque
928 879 1104 943 necessaria
1136 882 1182 938 est
1216 873 1434 938 sacrificiorum

296 968 480 1046 significatio
501 974 604 1048 utpote
626 987 682 1050 per
703 987 738 1030 se
760 968 921 1030 intellecta,
937 998 977 1010 -
1009 961 1136 1026 Accedit
1157 961 1245 1022 simili
1266 961 1435 1040 interpola-

296 1056 371 1116 tioni
392 1075 416 1115 c
437 1071 464 1116 v.
487 1054 527 1112 25
554 1061 675 1136 ζητεῖς,
699 1055 791 1134 φίλει
813 1052 915 1136 δῆλον
940 1046 1088 1122 inccrat
1118 1045 1172 1108 sed
1195 1047 1244 1108 illa
1267 1047 1436 1126 compella-

297 1141 340 1200 tio
365 1141 442 1220 φίλι
462 1157 524 1200 non
547 1139 673 1202 terenda
699 1147 823 1220 propter
850 1155 878 1200 v.
901 1137 956 1212 323
989 1135 1047 1196 nisi
1076 1135 1169 1212 igitur
1198 1139 1318 1194 ceteros
1347 1132 1437 1212 sequi

298 1225 416 1304 placeat
437 1225 600 1288 scribendo
626 1233 749 1306 §preter
773 1224 874 1304 δῆλον
899 1218 974 1285 δ’ἐκ
997 1215 1138 1292 ἅπασιν,
1160 1216 1197 1280 de
1219 1219 1329 1280 lacuna
1349 1219 1436 1280 codi-

299 1311 343 1371 cis
373 1312 570 1391 antiquissimi
601 1307 701 1392 (quam
729 1311 851 1389 saepius
883 1323 954 1370 esse
983 1304 1172 1367 statuendam
1200 1305 1276 1366 intra
1307 1303 1436 1366 demon-

299 1393 412 1478 strabo)
435 1404 483 1457 esi
504 1397 697 1478 cogitandum
715 1397 837 1458 diverso
860 1393 950 1454 modo
974 1391 1108 1471 expieta:
1132 1396 1161 1450 et
1178 1407 1271 1470 quum
1290 1406 1437 1469 praeser-

299 1484 352 1543 tim
376 1481 474 1563 δῆλος
501 1483 578 1563 apud
602 1483 716 1546 Atticos
739 1499 807 1544 enm
830 1481 932 1542 dativo
956 1478 1113 1556 iungatur,
1144 1475 1224 1538 haud
1247 1476 1435 1556 repudianda

301 1575 346 1628 est
373 1568 547 1630 coniectura
575 1567 697 1630 liranldi
725 1575 849 1648 ζηιεῑςς
884 1561 922 1628 cd
950 1561 984 1627 da
1007 1563 1108 1646 δῆλον
1133 1557 1271 1626 ἅπασιν.
1294 1592 1336 1606 --
1376 1561 1437 1623 Cur

301 1659 399 1714 autem
433 1653 490 1710 131
522 1673 611 1734 mcp
639 1654 816 1735 scripserint
840 1650 894 1714 dcl
919 1642 1114 1728 κροτάφοισι
1138 1644 1263 1727 καρύου
1286 1655 1437 1726 pereunte

299 1753 402 1817 versu,
427 1754 518 1818 quum
541 1741 636 1802 ceteri
657 1741 850 1820 ἐριβίυθου,
874 1751 966 1796 eausa
984 1734 1013 1792 in
1032 1750 1070 1793 eo
1089 1730 1206 1794 videtur
1220 1733 1330 1812 posita,
1355 1733 1436 1813 quod

300 1827 446 1902 linceos
467 1817 602 1903 καρύου,
625 1827 694 1905 quia
717 1823 822 1885 durius
846 1829 900 1900 est,
925 1819 1021 1899 magis
1037 1819 1203 1880 convenire
1218 1820 1362 1897 putabant
1379 1836 1437 1898 ga-

299 1909 371 1986 leis,
395 1926 484 1987 quam
508 1911 707 1991 ἐρεβίνθους
731 1908 876 1987 sed'quis
898 1906 969 1967 tatia
992 1904 1039 1965 laic
1063 1901 1210 1982 quaerat?
1254 1904 1367 1984 Aperta
1392 1913 1440 1968 est

303 1994 494 2072 interpolatio
521 1995 579 2053 153
603 1999 741 2059 ἔνοπλοι
765 1995 894 2070 occipias
923 1988 1118 2070 provulgari
1146 1985 1283 2068 σοι’,πσιια
1308 1986 1438 2073 κοσμή-

299 2103 423 2150 οαυπες
447 2084 483 2144 ἐκ
506 2077 625 2153 ὅπλοις
648 2082 793 2162 σσώρισκς
824 2093 893 2138 nam
920 2074 1133 2154 coniungenda
1162 2081 1231 2135 sunt
1257 2077 1351 2137 verba
1380 2099 1438 2140 κο-

299 2163 490 2244 σμήσαντες
512 2169 546 2227 ἐν
569 2162 704 2236 ὅπλοις,
733 2162 814 2244 quod
844 2177 936 2223 versu
970 2161 1026 2219 121
1061 2161 1238 2222 ostenditur.
1266 2198 1300 2204 —
1336 2161 1433 2241 lingis

302 2250 391 2310 dubia
414 2266 465 2310 res
487 2249 585 2310 videri
606 2257 705 2330 potest
730 2269 756 2310 v.
773 2250 843 2331 293,
867 2249 920 2310 ubi
941 2267 965 2308 a)
984 2243 1074 2316 ὅστις
1092 2246 1350 2346 corporeitatem,
1374 2249 1438 2328 loy

300 2333 391 2406 doctr
414 2336 693 2416 φθιιροριέυοισιυ
716 2335 837 2414 liabent,
860 2334 969 2413 reliqui
992 2329 1029 2400 iic
1051 2334 1091 2415 ῥα
1115 2323 1181 2392 σοι’
1198 2335 1233 2394 ἐκ
1254 2331 1438 2418 βαιρυὶχοι-

301 2443 365 2484 σιν.
408 2420 550 2500 vulgaris
571 2421 661 2482 lectio
682 2421 832 2502 displicuit
852 2418 983 2480 librariis
1007 2415 1255 2496 elegantioribus,
1280 2421 1350 2497 quia
1369 2422 1437 2500 βα-

301 2498 444 2593 τράχους
467 2508 557 2568 etiam
580 2508 610 2568 in
643 2507 833 2570 antecedenti
862 2521 956 2566 vorsu
984 2510 1075 2583 poeta
1102 2503 1214 2582 posuit3
1247 2505 1302 2564 sed
1328 2521 1366 2564 ne
1389 2507 1438 2565 ni-

303 2593 393 2652 mium
416 2592 562 2656 fastidiosi
583 2595 686 2675 simiis,
711 2595 801 2656 multa
824 2593 854 2652 in
877 2592 938 2652 troc
958 2591 1093 2650 carmine
1117 2603 1172 2649 nos
1195 2587 1366 2672 admonent,
1394 2593 1440 2652 si-

303 2676 425 2756 mulque
448 2678 635 2757 participium
660 2679 739 2740 nude
762 2679 891 2758 positum
912 2677 1041 2754 aliquam
1061 2673 1260 2734 offensionem
1282 2676 1380 2736 habet.
1398 2709 1439 2722 -

301 2761 336 2825 V.
360 2763 399 2822 ts
429 2779 493 2826 vox
523 2755 724 2844 οἷριποσασας
752 2766 782 2826 in
813 2771 852 2824 tar
881 2764 973 2824 cessit
1001 2760 1240 2840 interpretationi
1271 2756 1440 2836 αἱπλώσας,

303 2851 380 2910 sicut
409 2852 498 2914 etiam
528 2867 556 2910 r.
581 2849 641 2909 223
672 2851 703 2911 in
733 2869 755 2931 y
785 2850 822 2912 ad
853 2841 1061 2930 ἐξετανύσθη
1094 2847 1223 2926 ascripta
1256 2853 1303 2907 esi
1335 2847 1438 2926 glossa

303 2929 504 3016 ἁπλούοθηκ
539 2937 569 2996 in
592 2939 734 3016 tanoys
757 2937 837 3017 qnod
860 2935 972 3014 legitur
993 2927 1148 3004 ύιυώσας,
1177 2949 1239 2993 non
1263 2935 1359 3010 magis
1382 2951 1440 2994 ve-

303 3033 369 3076 rum
393 3035 465 3080 esse
486 3025 594 3102 potest,
616 3039 796 3099 quamquam
819 3023 849 3081 in
873 3034 979 3080 omnes
997 3016 1145 3078 editiones
1168 3018 1344 3096 insinuavit;
1370 3015 1438 3097 αἷμ-

303 3095 451 3173 πειάοσς
475 3109 575 3164 auimo
597 3121 636 3165 ex
661 3121 804 3168 ranarum
833 3111 942 3168 natura
970 3101 1092 3184 petitum
1126 3109 1195 3183 apte
1219 3105 1249 3164 in
1264 3103 1361 3168 -hunc
1389 3104 1438 3165 lo-

303 3201 370 3246 cunt
393 3187 480 3249 cadit.
495 3219 535 3234 -·-
567 3189 626 3253 Soti
648 3192 839 3256 antecedenti
859 3207 953 3253 versu
976 3184 1018 3262 cic
1040 3184 1093 3270 ἔρι’
1116 3183 1308 3260 ἐπιπλώσας
1331 3191 1439 3252 iustiu-

304 3289 379 3351 rem,
402 3273 525 3354 opinor,
548 3276 631 3340 dedit
653 3292 775 3341 causam
799 3278 948 3356 mutandi3
971 3293 1094 3358 semper
1118 3275 1198 3338 enim
1221 3275 1300 3356 apud
1323 3275 1439 3337 Home-

304 3373 371 3416 rum
397 3356 519 3439 (1117.
548 3361 589 3440 Z,
615 3362 672 3421 291
699 3363 745 3446 al.)
770 3371 799 3426 et
822 3365 892 3425 aliisi
914 3365 1071 3424 transitive
1092 3368 1272 3439 usurpatur;
1306 3361 1438 3426 fortasse

304 3443 397 3522 igitur
426 3442 475 3506 hic
503 3444 588 3508 locus
618 3447 767 3512 medicina
796 3456 875 3528 eget.
919 3446 979 3509 Sed
1004 3453 1105 3506 tamen
1124 3445 1223 3506 'lectio
1252 3465 1270 3506 π
1298 3441 1341 3518 ὥς
1366 3449 1439 3528 μου

303 3520 460 3598 οἱπλῶσας
491 3528 581 3592 docet
613 3551 719 3596 rocem
751 3529 931 3601 ἑπιυώσιου
961 3531 1000 3592 ab
1028 3531 1244 3612 interpolatore
1274 3532 1353 3594 male
1383 3550 1438 3613 pro

304 3613 490 3678 substantivo
514 3635 585 3681 esse
611 3628 773 3702 acceptam.
796 3652 839 3666 --
875 3618 918 3679 llli
949 3624 1048 3680 autem
1077 3617 1200 3682 codices
1231 3618 1306 3680 locis
1333 3624 1438 3699 postea

303 3701 466 3762 tractandis
493 3703 543 3763 80.
570 3705 639 3767 157.
663 3707 734 3769 232.
758 3706 827 3766 239.
852 3706 923 3765 ata.
947 3704 1009 3763 ato
1042 3713 1185 3786 quantum
1215 3705 1272 3764 sibi
1301 3705 1440 3766 licentiae

304 3787 512 3867 permiserint,
546 3788 635 3852 lacile
658 3795 824 3873 apparebit.
868 3789 1056 3854 Auctoritate
1079 3791 1144 3852 sola
1166 3790 1297 3850 vincitnr
1320 3791 1440 3853 discre-

304 3873 404 3950 pantia
426 3891 453 3934 v.
477 3873 534 3932 141
559 3869 599 3938 ὃν
620 3881 848 3958 accensores,
875 3877 954 3957 quod
978 3879 1075 3940 errori
1098 3878 1164 3938 sine
1186 3874 1278 3937 dnbio
1300 3877 1441 3939 tribuen-

307 3958 394 4036 dum,
418 3967 448 4020 et
471 3961 525 4040 st,
547 3959 598 4022 ubi
619 3960 788 4026 Frankiana
810 3962 900 4024 lectio
923 3969 969 4026 est
993 3963 1139 4024 malorum
1162 3960 1316 4041 codicum,
1339 3964 1441 4024 bono-

305 4059 371 4102 rum
401 4043 493 4108 haec:
523 4047 576 4111 coi
598 4059 704 4136 χεῖρας
727 4043 862 4129 ’ἔσφιγγε
885 4051 937 4112 καὶ
962 4039 1147 4127 o'litipae'oor
1170 4048 1365 4128 καιέσρυζις
1401 4048 1439 4111 de

305 4126 430 4275 syllaba}l
443 4131 545 4194 ultima
570 4156 608 4204 ας
631 4133 776 4213 producta
800 4133 870 4196 vide
892 4131 993 4196 Herm
1015 4132 1110 4214 Orplr.
1133 4150 1161 4212 p.
1184 4134 1260 4216 ron,
1290 4133 1439 4214 Spitzner.

306 4229 387 4275 vera.
427 4225 476 4276 er.
498 4235 525 4296 p.
551 4219 600 4282 36.

393 4299 628 4383 Subiungendus
651 4303 699 4365 liic
721 4303 852 4385 denique
875 4312 957 4370 esset
979 4304 1077 4369 codex
1099 4303 1182 4385 Lycii
1205 4301 1280 4387 (iil,
1305 4306 1440 4387 quinon

307 4385 429 4448 multum
459 4387 572 4451 distare
602 4391 720 4453 videtur
748 4391 785 4454 ab
815 4391 873 4454 troc
903 4409 1036 4474 genere,
1068 4393 1094 4455 si
1122 4391 1207 4471 ptura
1234 4389 1272 4453 de
1296 4411 1333 4455 eo
1357 4401 1440 4456 certo
