3124 5220
661 315 705 382 ta

107 490 182 556 decl
207 483 320 562 ἄλλοι,
350 488 402 569 qui
422 488 500 552 liber
523 487 641 552 etiamsi
662 485 917 572 iidem-haberet,
947 495 1047 552 tamen
1070 488 1142 552 nihil
1166 498 1248 558 esset

106 574 283 638 tentandum
305 575 337 636 in
360 575 477 656 vulgari
497 575 640 653 lectione,
664 575 734 654 quia
754 574 912 652 productio
935 575 1036 638 brevis
1060 577 1194 657 syllabae
1216 580 1247 639 in

106 661 166 723 hac
197 678 306 724 versus
340 660 414 724 sede
446 661 520 724 satis
550 659 725 724 confirmata
757 666 804 720 est
833 662 979 742 exemplis
1008 659 1176 725 Homericis
1209 667 1249 746 (r.

107 747 257 827 Spitzner.
280 764 359 810 vers.
383 745 496 810 heroic.
521 765 549 827 p.
575 747 613 806 14
630 743 717 830 squ).
770 744 809 809 At
830 746 973 810 librarius
994 766 1012 809 a
1034 765 1141 810 vocem
1165 739 1247 814 uriae

107 833 232 914 expulit,
254 841 285 898 ut
308 834 453 915 ingerere
475 851 542 897 eam
563 839 668 913 posset
689 832 720 894 in
736 848 788 916 sq.
813 850 839 896 v.
863 827 989 905 πάντες
1011 825 1248 912 δὀὖοέἰςῆλ-

108 927 194 993 θον,
224 920 275 982 ubi
298 937 402 982 verunt
425 920 558 982 servavit
577 917 598 995 f
615 917 661 1001 (el.
683 915 711 998 d,
732 917 824 1000 448),
851 919 945 982 caleri
961 936 1074 982 omnes
1099 918 1135 985 δὲ
1157 920 1246 982 tertio

106 1004 177 1066 luco
200 1006 329 1084 positum
353 1022 413 1068 non
436 1005 585 1085 terentes,
620 1019 791 1086 quanquam
823 1000 950 1076 πάντες
971 1001 1062 1085 ὁμῶς
1085 1011 1167 1067 arcte
1190 1023 1248 1068 co·

106 1088 237 1154 haerent
258 1089 306 1174 (cl.
331 1089 372 1170 P,
388 1091 459 1154 422.
483 1087 524 1170 Ο,
540 1091 590 1151 98.
612 1099 647 1171 θ,
669 1090 740 1152 642.
762 1087 790 1170 d,
808 1089 890 1171 115),
910 1091 988 1152 alius
1009 1091 1040 1151 in
1064 1091 1151 1153 aliam
1174 1109 1244 1154 mu-

107 1175 252 1240 tationem
274 1175 454 1241 inciderunt.
498 1175 557 1238 Sed
587 1176 625 1238 de
653 1181 715 1238 toto
747 1193 881 1256 genera,
916 1175 996 1257 quud
1025 1174 1061 1238 ad
1090 1180 1244 1240 metricam

108 1263 220 1341 attinet,
244 1270 351 1343 postea
368 1262 541 1343 explicabo;
565 1262 732 1327 cavendum
756 1267 854 1323 autern
872 1268 927 1342 eat,
951 1279 989 1324 na
1007 1262 1097 1324 nimia
1115 1261 1247 1326 fortasse

107 1346 231 1410 librario
261 1349 399 1430 quamvis
428 1349 545 1412 erudito
573 1351 721 1412 tribuatur
750 1347 898 1410 subtilitas
928 1348 1089 1412 statuendo
1117 1367 1187 1414 eum
1219 1368 1247 1411 v.

109 1433 170 1492 246
196 1434 356 1515 scripsisse
378 1437 497 1516 ἔπληξε
520 1453 575 1514 pro
601 1429 717 1520 ἔχρισε,
739 1434 808 1513 qnia
831 1441 909 1496 teste
928 1432 1018 1514 Papio
1041 1434 1073 1496 in
1095 1434 1155 1498 lex.
1177 1433 1248 1516 (rui-

107 1535 165 1580 nus
195 1528 279 1606 recle
307 1521 483 1600 Spitznerns
514 1522 544 1580 in
573 1519 655 1584 lnstt.
677 1517 759 1582 Pros.
782 1519 831 1581 Gr.
861 1526 879 1593 s
904 1520 953 1600 52,
978 1518 1005 1602 2)
1035 1520 1133 1582 madia
1156 1519 1245 1584 huius

10 1665 16 1672 .
106 1606 191 1667 vocis
213 1608 243 1668 in
266 1609 379 1669 aoristu
403 1605 514 1685 corripi
544 1607 636 1684 solel;
669 1622 834 1668 nervosum
857 1607 958 1686 potius
983 1607 1163 1669 vocabulum
1189 1625 1245 1687 pro

107 1690 245 1754 debiliori
266 1691 475 1773 reponendum
499 1707 569 1754 esse
592 1692 718 1754 censuit.
763 1691 893 1756 Ludicra
914 1691 1046 1772 putanda
1069 1699 1157 1773 sunt,
1184 1710 1246 1755 non

50 1781 52 1786 '
106 1779 303 1842 coniecturae
324 1798 353 1842 v.
368 1776 404 1836 81
432 1771 503 1862 οὐχὶ
527 1773 652 1858 νοήσας
673 1793 730 1857 pro
754 1773 884 1859 οὔπη,
908 1780 923 1837 5
945 1772 1059 1842 πάντα
1077 1797 1133 1859 pro
1152 1780 1249 1853 πᾶσι,

108 1861 146 1920 91
172 1867 288 1930 πλεῖον
312 1861 393 1946 (quia
416 1864 494 1924 inter
518 1861 579 1924 dno
601 1871 684 1925 esset
706 1861 918 1946 comperali0);
943 1863 980 1922 16
1002 1881 1058 1943 pru
1075 1861 1170 1939 ἄξιον
1190 1863 1248 1925 ha-

105 1949 159 2010 bet
188 1944 324 2030 ἄριστον
347 1955 456 2012 contra
483 1955 627 2027 metrum,
663 1948 745 2011 unde
767 1966 869 2029 neque
892 1946 1009 2031 ἅρσιον
1032 1967 1132 2030 neque
1155 1942 1246 2030 ἄρθ-

105 2057 188 2115 paror
211 2034 453 2116 extorquendum
475 2052 543 2096 oum
567 2034 730 2116 Barnesio‚
763 2034 817 2096 sad
846 2030 940 2109 ἄξιον
963 2033 1001 2096 ad
1024 2030 1088 2112 ἄξω
1110 2052 1246 2116 sequens

105 2118 234 2182 relatum
257 2121 356 2184 lusum
379 2121 543 2182 verborum
567 2121 704 2184 ostendit.
720 2121 790 2182 licet
816 2119 889 2182 satis
917 2119 1109 2200 languidum;
1144 2122 1183 2181 25
1207 2115 1246 2186 cd

105 2195 131 2270 δ’
147 2200 281 2286 ἄσημον
303 2203 436 2271 ἅπασιν
457 2207 571 2272 omisso
595 2225 621 2268 v.
646 2207 695 2268 26.
749 2205 929 2287 corruptela
955 2206 1068 2269 codicis
1095 2209 1160 2270 eius
1185 2225 1246 2287 quo

105 2290 246 2353 utebatur
267 2293 297 2354 in
319 2308 412 2354 causa
433 2298 507 2372 erat,
531 2291 614 2373 quod
632 2312 659 2354 v.
676 2293 714 2354 58
734 2293 855 2373 scripsit
873 2286 981 2356 molid
997 2291 1066 2366 aul,
1086 2293 1139 2355 ubi
1155 2295 1245 2354 etiam

104 2379 257 2460 tpraebet
275 2370 351 2460 peip,
375 2377 456 2457 quod
479 2385 641 2459 utrumque
663 2380 737 2443 oriri
760 2379 859 2460 potuit
880 2377 1020 2442 facillime
1043 2395 1083 2440 ex
1106 2379 1245 2442 ductibus

103 2462 189 2524 vocis
216 2457 306 2540 μάλ’.
351 2462 411 2526 Sed
443 2464 482 2522 57
514 2464 684 2546 asyndeton
716 2468 822 2528 nescio
854 2482 913 2545 qua
942 2471 1040 2526 mutus
1071 2467 1248 2528 morositate

103 2548 187 2610 ferre
208 2547 310 2627 noluit,
333 2549 387 2612 sed
410 2550 530 2629 scripsit
550 2545 621 2616 ἔστι
644 2548 679 2616 δὲ
700 2547 727 2639 χ’
751 2545 845 2633 ἡμῖν.
890 2547 939 2610 Ad
962 2566 991 2612 v.
1014 2550 1055 2608 88
1079 2547 1119 2631 (id
1142 2558 1188 2615 est
1208 2550 1246 2612 ad

104 2634 144 2694 16
168 2635 197 2696 in
221 2633 271 2698 illo
294 2634 409 2718 codice)
432 2634 563 2698 fortasse
585 2637 791 2718 aberraverat,
815 2655 907 2717 quum
925 2635 964 2696 69
989 2635 1073 2700 dedit
1088 2630 1196 2704 aulici
1217 2629 1246 2702 δ’

104 2713 271 2802 epidamno,
293 2721 375 2801 quod
396 2723 582 2786 intellectum
604 2741 664 2786 non
682 2722 788 2801 babet;
810 2739 912 2786 merus
930 2737 1019 2784 error
1036 2723 1155 2787 videtur
1171 2739 1245 2785 rer-

103 2805 210 2868 borum
241 2806 400 2870 collocatio
432 2825 460 2868 v.
487 2809 537 2871 92.
594 2808 656 2872 Cur
688 2810 724 2868 16
757 2805 875 2894 λιχοὸν
909 2809 1083 2890 παρέθηκε
1113 2807 1245 2891 γένειον

102 2891 271 2973 scripserit,
302 2912 394 2957 causa
418 2911 479 2958 non
503 2894 602 2975 adest,
631 2911 732 2976 neque
755 2913 824 2958 cum
846 2893 993 2956 Barnesio
1016 2893 1055 2956 de
1077 2894 1245 2958 imitatione

102 2977 192 3040 liuius
221 2978 279 3042 loci
310 2981 389 3062 apud
419 2980 532 3044 Gallim.
559 2981 601 3060 fg.
628 2981 687 3041 119
720 2975 931 3062 ἐπ’ὅμμοοα
956 2975 1055 3068 virgea?
1079 2978 1244 3062 derideres

101 3062 305 3146 cogitandum,
331 3066 411 3147 quod
435 3076 541 3130 contra
563 3067 695 3132 fortasse
718 3067 831 3130 facturn
854 3073 900 3130 est
922 3066 952 3128 in
972 3065 1030 3129 hoc
1049 3066 1173 3144 oodicc;
1193 3067 1244 3128 in-

101 3151 195 3232 genio
228 3152 309 3212 eninr
338 3153 513 3232 indulgebat
543 3153 637 3218 homo
668 3161 828 3230 versutus,
862 3151 912 3230 qui
946 3151 1005 3209 173
1041 3149 1245 3232 crpndpercr

101 3237 192 3316 plana
214 3236 282 3298 lusit
305 3259 346 3300 ex
370 3240 449 3318 176,
483 3240 535 3319 qui
563 3238 727 3300 audaciora
748 3237 840 3300 etiam
868 3235 993 3299 tentarit
1016 3235 1078 3294 264
1097 3243 1167 3318 sq.‚'
1192 3235 1244 3297 ubi

101 3329 195 3384 tolum
218 3341 343 3386 versum
368 3325 479 3405 intulit,
511 3324 639 3405 aliisque
661 3324 736 3386 lucis
758 3329 866 3404 postea
888 3320 1052 3384 tractandis
1076 3321 1147 3403 274,
1171 3322 1243 3405 279,

104 3409 177 3488 286,
201 3409 387 3491 tto-220,
414 3429 474 3492 quio
498 3418 635 3474 extremo
657 3411 727 3474 loco
750 3427 868 3474 sumnia
890 3408 957 3471 imis
982 3409 1108 3471 miscuit.
1135 3408 1244 3490 xEjus-

101 3494 171 3556 dem
199 3494 316 3560 larinae
345 3506 415 3560 sunt
442 3498 585 3560 versiculi
615 3496 674 3559 duo
702 3515 757 3579 pro
782 3496 867 3558 varia
889 3495 1020 3556 lectione
1044 3494 1167 3575 ascripti
1188 3513 1243 3557 re-

101 3582 230 3645 centiori
253 3601 343 3644 manu
365 3583 505 3646 versibus
531 3582 599 3643 114,
627 3582 704 3665 115,
730 3585 760 3646 in
784 3583 893 3662 quilius
916 3587 1014 3642 metro
1037 3580 1242 3662 astringendis

100 3667 154 3728 Tlr.
178 3667 300 3731 llearne
322 3687 446 3750 operam
470 3669 607 3750 perdidit.
630 3705 672 3716 -
688 3667 764 3730 ,Sed
786 3667 879 3728 rebus
902 3668 990 3730 eliam
1014 3664 1156 3749 consulit,
1181 3684 1243 3728 non

100 3753 205 3816 verbis
228 3754 340 3836 solnm,
372 3773 474 3837 neque
497 3757 606 3837 patitur
627 3763 748 3836 poetam
769 3773 786 3816 a
811 3770 845 3815 se
869 3752 938 3834 ipso
962 3751 1135 3818 dissentire.
1179 3751 1244 3816 Hoc

100 3840 201 3902 studio
225 3859 316 3921 quum
338 3845 505 3923 recepisset
523 3849 592 3922 post
613 3841 670 3904 too
693 3841 795 3923 spuria
818 3840 913 3904 verba
935 3839 991 3904 uui
1013 3843 1054 3925 ῥα
1078 3833 1242 3922 κραιπνό-

100 3950 204 3997 νατοο
227 3928 350 4008 μοίρας
379 3931 482 4008 μυσὶν
511 3925 650 4010 ἄγγελος
678 3920 784 4008 ἦλθε,
817 3933 996 4008 sequentem
1023 3927 1099 3988 scite
1126 3923 1243 4001 omisit;

104 4011 165 4070 236
187 4012 306 4093 scripsit
328 4012 451 4097 ἑτάρου
474 4015 549 4096 πὲρι
572 4015 769 4086 traiecturae
786 4014 934 4094 singulari
956 4028 1093 4090 numeru,
1116 4009 1187 4090 quia
1204 4010 1241 4072 ad

336 4159 385 4168 ..ι-..ι

172 4247 192 4318 *l
212 4245 273 4302 Hoc
292 4247 450 4302 vocabulum
472 4248 530 4316 ον’χὶ
548 4252 661 4306 fortasse
689 4252 767 4306 eliam
795 4269 825 4305 ex
845 4245 967 4302 Homero
992 4245 1163 4318 relegandum
1184 4259 1240 4312 est;

101 4335 163 4372 nam
182 4320 268 4381 u‚2'l9
289 4322 453 4374 recentiores
473 4321 529 4372 odra
549 4333 620 4378 recle
639 4325 811 4394 scripserunt,
831 4331 858 4373 ut
878 4336 931 4371 uno
953 4319 1031 4372 etiam
1052 4338 1129 4374 reran
1150 4322 1240 4384 otto

101 4391 156 4462 (qui
172 4392 241 4444 redit
260 4393 294 4457 11,
305 4391 367 4460 162)
386 4393 495 4460 legatur,
514 4393 560 4446 ubi
579 4395 731 4448 zenodotus
752 4391 796 4446 onix
815 4397 912 4452 lurotu
931 4391 1046 4460 conjecit
1053 4409 1061 4455 ;
1080 4409 1129 4460 ego
1150 4393 1239 4443 malirn

102 4463 161 4515 adri
174 4469 268 4526 paoni.
306 4463 398 4518 Altera
414 4464 499 4517 lotura
515 4463 571 4516 odat
586 4483 691 4537 semper
709 4481 815 4520 versum
832 4461 911 4516 simul
926 4471 952 4517 et
963 4464 1120 4518 sententiam
1134 4463 1241 4517 claudit.
