3124 5220
879 381 923 447 ss

332 556 627 637 aiiqnidconiicere.
672 554 706 614 Et
724 553 851 618 Woiiius
872 555 991 637 quidem
1013 557 1042 616 in
1063 557 1203 639 Prolegg.
1222 577 1250 638 p.
1267 559 1306 618 89
1326 557 1474 640 Aeschyli
1537 547 1538 580 r

333 651 460 704 aetatem
484 645 549 704 eius
566 640 731 704 conditioni
749 645 879 706 maxime
902 643 1156 708 accommodatam
1178 645 1307 726 putarit3
1328 643 1384 708 sed
1400 649 1474 725 qui·
1537 663 1538 680 ι

334 731 389 792 bos
419 730 524 791 ductus
545 729 592 790 ‘sit
621 727 803 810 rationibus,
834 747 895 792 non
923 729 1043 792 addidit.
1089 729 1295 810 Adstipnlatus
1318 738 1415 792 eutem
1443 733 1475 794 ei
1537 725 1538 808 i

335 825 381 878 ast
399 817 526 878 Vossius
548 817 577 875 in
601 814 726 876 Schedis
749 818 824 877 critt.
841 817 861 879 l.
884 835 912 896 p.
926 817 997 877 292.
1042 816 1160 878 Deinde
1182 815 1215 877 R.
1238 817 1474 898 Peroe-Knignt

334 903 419 964 Proll.
442 901 479 964 ed
501 900 586 962 Hom.
608 902 669 982 p.6
693 899 740 962 ed.
756 903 834 983 Lips.
877 903 977 965 Attico
999 902 1116 965 cuidam
1139 910 1250 982 poetae
1270 904 1380 983 prioris
1403 907 1473 968 aevi

334 987 432 1070 potius
455 989 590 1050 tribuere
612 1003 735 1050 carmen
758 988 820 1051 vuit
842 996 965 1070 propter
985 995 1103 1052 cautum
1123 989 1194 1071 galli
1213 989 1372 1068 gallinacei
1391 991 1475 1072 apud

335 1075 468 1136 Graecos
492 1092 552 1136 non
575 1073 667 1136 moito
691 1080 759 1136 ante
782 1077 852 1139 uoti.
895 1075 978 1138 Idem
996 1092 1070 1138 vero
1092 1093 1185 1156 quum
1203 1083 1347 1155 negasset
1364 1085 1475 1140 aucto·-
1537 1103 1538 1154 p

335 1181 397 1224 rem
423 1180 462 1222 ex
484 1160 556 1222 Asia
580 1159 674 1222 inisse
697 1160 872 1241 oriundum,
906 1163 1048 1243 quomam
1075 1163 1117 1223 ibi
1138 1169 1214 1224 teste
1239 1161 1352 1224 Herodi
1376 1165 1403 1244 5,
1431 1164 1473 1222 58
1537 1155 1538 1238 ξ

334 1249 461 1329 pedibus
484 1249 531 1310 usi
556 1255 659 1309 essent
683 1247 720 1310 ad
744 1247 1050 1329 scribendumapud
1075 1248 1155 1310 hooc
1178 1253 1332 1310 autema.
1355 1248 1371 1306 3
1395 1249 1474 1314 det·
1537 1251 1538 1258 ’

337 1347 387 1398 om
413 1341 751 1416 commemorarentur,
772 1342 854 1396 recte
878 1336 991 1397 monuit
1011 1331 1189 1400 Weiandius
1212 1335 1230 1397 l.
1252 1335 1270 1395 i.
1293 1352 1322 1414 p.
1346 1335 1402 1408 to,
1432 1353 1476 1394 ex

335 1420 542 1482 Psammetichi
565 1427 710 1500 tempore,
734 1421 829 1482 idest
850 1421 1067 1499 secuto-sexto,
1090 1415 1217 1486 candem
1234 1422 1319 1482 istam
1340 1421 1476 1504 βίβλων
1537 1407 1538 1488 ἶ

335 1508 523 1586 cessavisse,
557 1507 596 1568 ita
627 1513 658 1567 ιιι
688 1523 727 1568 ne
756 1506 846 1569 lones
876 1507 996 1586 quidem
1028 1506 1154 1586 amplios
1181 1507 1311 1568 usi-sim
1331 1506 1475 1588 pellibus

336 1593 394 1656 Sed
413 1600 445 1654 ut
463 1593 541 1654 idem
560 1591 738 1655 WeIandius
762 1593 881 1656 nescire
904 1609 938 1655 se
960 1593 1060 1656 fassus
1084 1599 1139 1671 est,
1163 1609 1223 1672 quo
1243 1599 1381 1672 tempore
1399 1611 1476 1654 car·
1537 1640 1538 1662 ,

334 1681 403 1741 men
427 1679 464 1741 sit
487 1678 657 1758 eonditum,
686 1679 726 1740 ita
749 1679 1042 1762 pleriqueeditores
1064 1679 1153 1742 huius
1176 1679 1269 1741 seculi
1294 1679 1331 1740 de
1355 1678 1413 1742 hac
1436 1693 1476 1740 re

334 1773 502 1845 tacuerunt,
525 1764 723 1844 desperantes
746 1766 868 1844 scilicet,
891 1767 965 1826 certi
988 1764 1099 1844 aliquid
1124 1766 1190 1824 erui
1212 1782 1344 1844 unquam
1366 1781 1475 1844 posse.
1537 1775 1538 1834 t

333 1851 427 1932 idque
449 1853 547 1932 ipsum
561 1849 682 1931 ‘aperte
694 1852 767 1912 dixit
783 1851 997 1932 Bernhardyus
1016 1853 1046 1912 in
1063 1850 1135 1912 Hist.
1155 1849 1219 1911 Litt.
1237 1849 1286 1913 Gr.
1304 1850 1338 1912 Π.
1357 1869 1382 1931 p.
1399 1851 1476 1912 128.

337 1939 410 2018 132,
439 1941 490 2017 qui
512 1944 612 2000 tamen
636 1939 752 2017 etipse
775 1937 902 1999 Atticam
927 1944 1054 2000 aetatem
1077 1939 1136 2004 iam
1160 1935 1197 1998 ad
1220 1935 1313 1998 finem
1334 1953 1476 2018 vergen-
1537 1993 1538 2006 ,

333 2033 391 2085 tem
421 2025 451 2096 in
483 2024 653 2086 elocutione
682 2023 823 2084 carminis
850 2021 938 2085 facile
970 2021 1157 2103 deprehendi
1185 2022 1302 2086 adiecit.
1325 2057 1366 2092 -r
1412 2023 1476 2085 Po·
1537 2031 1538 2064 t

334 2115 446 2172 stremo
469 2110 536 2172 loco
558 2109 686 2190 prodeat
709 2109 916 2190 Hermannus,
942 2127 1031 2190 quem
1058 2111 1114 2170 etsi
1137 2127 1196 2170 non
1222 2110 1259 2170 ab
1283 2110 1364 2171 omni
1385 2118 1475 2189 parte
1537 2095 1538 2166 i

334 2197 439 2276 probo,
460 2213 552 2258 uuum
574 2204 675 2257 tamen
697 2203 779 2258 recta
799 2201 845 2258 via
864 2197 1036 2276 ingressum
1057 2213 1128 2257 esse
1150 2197 1180 2255 id
1203 2195 1261 2258 hac
1282 2213 1318 2256 re
1338 2194 1476 2277 diligen·

332 2285 391 2345 tius
414 2282 624 2360 investiganda
648 2290 781 2363 apparet.
826 2283 883 2354 Oui
908 2284 956 2343 tir
976 2298 1110 2352 summos
1134 2281 1163 2342 io
1189 2281 1389 2362 disputatione
1412 2301 1475 2345 no·
1537 2317 1538 2320 π

335 2370 475 2431 bilissimn
506 2369 543 2430 de
575 2375 672 2432 aetate
698 2361 810 2449 Orphei
833 2369 1107 2447 Argonauticorum
1135 2386 1163 2448 p.
1187 2365 1248 2426 763
1279 2367 1355 2429 haec
1384 2367 1474 2432 dicit:

335 2456 449 2534 „Erunt
470 2455 615 2538 fortasse,
639 2455 690 2536 qni
713 2458 873 2538 mirentur,
897 2454 980 2535 quod
1000 2453 1078 2516 Batr.
1101 2453 1212 2515 nuliam
1234 2453 1357 2516 ieocrim
1380 2471 1476 2516 mco-

333 2544 454 2603 tionem.
499 2542 584 2614 Quae
609 2543 782 2624 qurrm‘non
804 2557 875 2603 esse
893 2542 1046 2602 recentior
1067 2539 1258 2620 expeditione
1278 2539 1389 2601 Xerxis
1412 2561 1474 2603 ex-

333 2629 494 2710 istimetur,
517 2635 560 2689 tot
579 2635 679 2689 tamen
701 2627 925 2709 correptionum
949 2627 1086 2706 exempla
1112 2625 1214 2706 habet,
1238 2633 1269 2688 ut
1292 2630 1474 2691 senteutiam

332 2720 466 2776 ‘nostram
491 2712 614 2775 mirifice
638 2713 821 2777 labefactare
843 2713 946 2795 possit.
990 2711 1030 2773 Αι
1047 2731 1125 2794 quae
1142 2713 1179 2773 iu
1191 2712 1249 2774 hoe
1266 2713 1400 2776 carmine
1418 2733 1475 2776 re-

333 2801 491 2882 periuntur
513 2799 738 2880 correptiones,
769 2816 830 2863 non
853 2799 943 2861 modo
966 2797 1192 2861 excusationem
1215 2797 1332 2860 hadent
1348 2806 1410 2859 tum
1434 2801 1475 2863 ab

334 2887 450 2949 ludicro
474 2887 662 2968 argumento,
685 2894 745 2949 tam
767 2905 783 2950 a
804 2894 913 2968 poetae
935 2885 1062 2964 inscitia,
1086 2885 1150 2964 sed,
1172 2884 1251 2964 quod
1271 2884 1396 2965 gravius
1416 2895 1475 2968 est,

335 2979 448 3034 tantum
472 2973 567 3053 abest,
589 2975 687 3052 otiis,
710 2991 790 3053 quae
814 2979 882 3035 ante
905 2971 1062 3052 disputavi,
1088 2978 1269 3052 repugnent,
1297 2969 1330 3032 nt
1350 2989 1385 3032 ea
1410 2986 1475 3036 non

333 3059 527 3121 mediocriter
554 3057 735 3120 confirmare
762 3057 929 3120 videantur.
974 3057 1091 3120 Etenim
1115 3057 1164 3117 vei
1187 3056 1294 3120 ieviter
1317 3056 1375 3119 hoc
1400 3077 1476 3121 ear-

333 3163 402 3206 mcn
433 3143 637 3208 consideranti
667 3145 786 3225 pianum
811 3161 881 3207 esse
905 3143 1009 3224 debet,
1041 3150 1083 3205 tot
1104 3141 1175 3204 illud
1199 3146 1352 3223 tantisque
1374 3145 1475 3206 inter·-

332 3233 533 3312 polationibns
553 3249 623 3294 esse
643 3238 825 3312 corruptum,
847 3237 880 3293 ut
898 3232 1017 3312 penitus
1035 3230 1219 3290 immutatum
1237 3231 1356 3292 censeri
1375 3248 1476 3310 opor-

333 3325 400 3380 teat.
444 3317 540 3379 'iento
562 3316 633 3378 iliud
664 3318 763 3380 studio
793 3318 955 3380 lectitatum
980 3315 1141 3395 aliquando
1169 3322 1388 3396 tractatumque
1417 3326 1474 3380 est.

333 3403 417 3480 Hanc
439 3403 476 3465 ob
500 3418 622 3465 oausam
648 3403 685 3464 ab
708 3406 765 3464 isto
788 3405 937 3482 carmine,
971 3409 1003 3462 ut
1030 3420 1045 3462 a
1073 3401 1229 3481 ferragine
1250 3419 1396 3464 versuum
1424 3404 1475 3466 oi-

333 3489 517 3552 vcrsissimis
539 3489 687 3552 aetatibus
709 3487 867 3568 factorum,
888 3486 978 3567 plane
1001 3487 1130 3549 abstinet
1152 3493 1253 3550 nostra
1279 3487 1472 3568 disputarint

333 3576 416 3638 Haec
438 3577 529 3656 igitur
550 3576 713 3654 sententia,
737 3591 825 3655 qnam
848 3573 1001 3654 superiori
1025 3573 1226 3654 disputatione
1249 3593 1288 3634 ex
1309 3581 1396 3653 porte
1419 3595 1476 3640 re-

334 3663 449 3725 futasse
472 3662 559 3722 nobis
580 3661 726 3741 videmur,
751 3659 821 3742 qnid
843 3662 909 3722 veri
928 3659 1046 3740 habeat,
1070 3660 1138 3740 qnid
1160 3658 1235 3741 falsi,
1258 3659 1358 3740 pauido
1379 3679 1476 3726 accu-
1537 3699 1538 3718 r

334 3749 428 3808 ratius
452 3746 654 3826 exploremus.
698 3747 913 3827 Inquirendum
937 3753 1035 3808 autem
1060 3753 1114 3826 est,
1137 3753 1169 3808 ut
1188 3745 1226 3808 de
1249 3746 1394 3808 carminis
1418 3768 1476 3810 ae-

333 3840 392 3896 tate
416 3838 446 3894 et
473 3833 592 3913 origine
621 3833 770 3896 certiores
798 3833 922 3912 fiemus,
952 3834 981 3894 io
1006 3850 1058 3894 eas
1082 3833 1268 3912 potissimum
1290 3851 1358 3912 res,
1393 3853 1475 3914 quae

334 3922 401 4001 ipso
425 3925 567 4001 poemate
589 3920 795 3998 continentur,
825 3937 925 4000 eaque
948 3918 1116 3998 colligenda
1140 3925 1210 3979 sunt
1231 3920 1376 4001 vestigia,
1403 3924 1476 4002 qui-

333 4005 390 4068 bus
414 4007 439 4068 si
462 4006 591 4085 insistas,
614 4007 759 4068 terminos
782 4007 887 4069 saitem
909 4007 1095 4067 constituere
1118 4003 1257 4085 finesque
1279 4007 1476 4070 circumscri-

335 4093 410 4155 bere
432 4093 546 4174 possis,
569 4095 647 4154 intra
672 4109 748 4171 quos
771 4093 947 4156 coniectura
969 4092 1146 4154 necessario
1170 4109 1204 4154 se
1226 4098 1332 4154 tenere
1356 4093 1476 4158 debeat.

331 4257 355 4324 5.
379 4255 405 4306 8.
442 4257 485 4307 De
504 4267 593 4309 aetate
618 4257 746 4308 enormioris
770 4276 802 4307 ex
827 4258 907 4308 rebus
926 4259 1137 4309 commemoratis
1155 4265 1186 4310 ιιι
1205 4274 1237 4306 ex
1255 4266 1400 4308 metrorum
1422 4258 1476 4309 tta-

683 4346 808 4400 puaeqne
826 4331 934 4380 rationo
952 4327 1116 4398 definienda.

418 4428 479 4491 lam
501 4431 593 4511 igitur
616 4448 706 4511 quum
729 4429 868 4511 bipartito
891 4431 928 4492 sit
952 4429 1176 4512 disputandum,
1208 4429 1310 4508 priore
1337 4429 1406 4494 loeo
1436 4451 1478 4496 ex

332 4516 427 4598 rebus
455 4523 484 4580 et
510 4516 539 4580 io
569 4519 703 4580 carmine
731 4518 977 4605 commemoratis
998 4525 1030 4582 et
1049 4516 1088 4582 ad
1108 4530 1231 4580 carmen
1253 4515 1476 4597 pcrtinentibus
