3124 5220
684 371 728 440 57

139 549 201 623 nat,
222 549 257 605 ιιι
278 545 414 604 extrema
436 537 578 605 carminis
601 557 684 623 pers*
705 559 771 622 qua
789 540 934 622 proelium
954 539 1147 622 describitur,
1172 545 1277 620 poste-

140 629 214 691 riori
243 635 344 691 aetate
372 630 424 690 aut
451 625 540 706 plene
570 626 747 693 sitnovata
774 636 829 690 aut.
850 636 933 692 corte
955 628 1066 691 crebro
1087 627 1276 705 interpolata.

140 714 247 793 Neque
269 719 369 774 tamen
392 709 462 773 ideo
484 709 649 774 Hermauni
671 713 826 794 complura
848 714 981 777 carmina
1004 715 1084 776 inter
1103 731 1139 776 re
1155 711 1277 780 diversa

141 801 256 880 probo;
285 797 316 858 in
346 795 471 876 reliquis
498 800 580 858 enim
605 799 739 878 partibus
761 801 799 862 ita
824 797 903 862 ninii.
919 801 1012 878 inest,
1044 797 1124 878 quod
1148 797 1279 860 iuliane

142 885 316 964 opinionem
339 884 435 961 possit
456 879 624 963 adducere,
650 891 681 946 ut
704 885 927 965 omnia..potius
946 884 1106 964 aptissime
1124 883 1278 963 disposita,

141 968 316 1048 simpliciter
333 973 465 1043 narrata,
488 965 525 1027 ad
542 967 667 1030 Homeri
687 969 818 1050 denique
837 969 994 1050 exemplar
1010 977 1151 1050 tanquam
1174 969 1279 1034 evito

141 1071 290 1134 expressa
312 1069 385 1114 csse
406 1050 495 1114 iacile
517 1054 752 1134 perspiciatur..
824 1113 827 1122 ,
949 1051 951 1056 ’
993 1107 996 1124 2
1105 1073 1108 1082 ·

230 1136 290 1200 Sed
320 1138 378 1224 iam
407 1135 480 1200 binc
503 1139 719 1205 transeundum
745 1139 852 1206 estad
875 1140 1083 1220 quaestionem
1110 1139 1189 1202 iliam
1208 1156 1280 1208 om·

142 1223 224 1286 nium
247 1224 278 1284 in
301 1221 358 1284 bac
380 1238 416 1284 re
437 1219 639 1292 difficillumum
662 1233 693 1288 et
714 1244 755 1287 ex
775 1245 835 1306 qua
858 1226 984 1306 plurima
1006 1232 1107 1287 tamen
1132 1225 1280 1306 pendent3

143 1327 210 1372 eam
233 1307 318 1388 dico,
350 1324 432 1387 quae
453 1314 500 1370 est
521 1309 559 1372 de
577 1311 713 1374 consilio
734 1313 826 1374 tetius
847 1312 1005 1389 carminis;
1033 1311 1071 1374 de
1094 1329 1153 1390 qna
1176 1311 1281 1374 diver-

143 1395 283 1458 sissimae
305 1391 345 1456 ad
366 1392 449 1455 bauo
468 1391 548 1454 diem
565 1395 706 1460 teruntur
725 1398 903 1461 sententiae.
947 1395 1022 1460 Num
1041 1413 1133 1477 quum
1149 1402 1279 1476 veteres,

143 1481 196 1560 qui
216 1477 305 1559 pauci
327 1484 441 1548 tantum
463 1495 587 1546 carmen
609 1482 781 1546 nominatim
797 1488 933 1562 imment,
955 1482 1056 1556 lusum
1077 1483 1229 1562 poeticum
1250 1481 1279 1544 id

143 1564 299 1644 accepisse
313 1562 481 1643 videantur,
496 1572 528 1626 ut
541 1565 683 1630 Martialis
692 1564 732 1648 ⁸¹⁸),
749 1567 863 1633 Statius
870 1563 928 1648 **)‚
944 1563 1207 1649 Futganricsffi),
1226 1585 1281 1628 re-

144 1650 297 1722 centiores
319 1649 350 1710 in
372 1648 430 1712 elia
451 1651 552 1714 omnia
575 1652 734 1716 abierunt..
768 1653 805 1716 Et
825 1671 864 1714 ex
886 1654 923 1716 iis
944 1653 1064 1732 quidem
1086 1652 1281 1734 temporibus,

144 1735 258 1815 quibus
277 1733 472 1802 earminaad
496 1755 598 1800 mores
619 1737 774 1802 bominum
796 1746 880 1801 recte
901 1737 1137 1808 conlornmudos
1159 1740 1281 1800 inventu

144 1837 215 1884 esse
238 1818 485 1906 inlecundissimu
507 1824 673 1887 carminum
702 1831 789 1886 aetas
815 1825 872 1894 sibi
899 1831 1110 1905 persuaserat,
1142 1823 1282 1904 exemplo

144 1925 215 1970 esse
227 1911 328 1986 potest
342 1903 583 1970 llelancbtbonis
595 1907 748 1988 iudicium,
771 1910 822 1988 qui
844 1904 876 1970 in
897 1909 1016 1972 dicimis
1036 1907 1223 1973 scholasticis
1242 1908 1281 1970 ad

144 1991 224 2054 batn
246 1996 356 2071 poetae
378 1993 563 2071 propositum
586 1994 616 2054 in
634 2011 674 2056 co
692 2011 768 2058 esse
782 1994 904 2074 putavit,
929 1993 1103 2070 „alodium
1126 1995 1281 2057 turbarum

20 2153 21 2166 χ
144 2084 176 2140 et
196 2077 377 2141 seditionum
399 2077 506 2138 animis
528 2077 692 2156 tepentium
717 2079 942 2142 institueram.
996 2080 1023 2142 Α
1045 2080 1132 2144 cuius
1154 2087 1282 2141 sentcn-

145 2163 185 2226 tia
208 2178 270 2226 non
292 2161 415 2227 multum
437 2161 524 2226 abest
544 2163 650 2228 l’etms
664 2163 710 2226 de
732 2165 760 2226 la
782 2164 874 2228 Seiae
896 2165 927 2227 in
951 2164 1096 2233 Gronoaii
1111 2164 1282 2228 Tiresitnt.

143 2247 193 2311 xl.
209 2266 238 2328 p.
252 2245 345 2327 illl,
367 2246 418 2326 qui
436 2254 542 2312 censet
561 2248 745 2324 „Homerum
768 2249 811 2312 ad:
829 2251 926 2313 victus
947 2257 1098 2332 potusque
1120 2251 1282 2316 eontinen-

20 2399 21 2406 χ
144 2335 215 2396 tiam
245 2332 374 2395 iuvenes
404 2333 539 2397 voluisse
566 2334 768 2414 intermare“;
801 2354 910 2417 nempe
937 2335 1007 2416 quie
1037 2351 1281 2400 mus-novarum

144 2417 280 2482 studiosa
307 2415 483 2482 deliciarum
511 2418 628 2499 interit3
657 2422 854 2502 similiterque
881 2421 919 2486 bi.
949 2420 1076 2484 Grusius
1106 2419 1137 2484 in
1164 2421 1282 2484 'lurco-

145 2504 270 2585 gmecia
292 2519 365 2566 cum
382 2501 460 2566 Novi
482 2503 665 2570 Testamenti
688 2499 841 2587 parabolis
864 2525 987 2570 carmen
1011 2515 1175 2587 comparat.
1219 2505 1283 2588 Ly„

20 2665 21 2699 ἡ
145 2592 210 2654 cius
239 2594 271 2650 et
298 2590 364 2669 ipse
396 2597 519 2671 propter
545 2592 720 2660 sententias¹
742 2593 883 2658 morales
898 2599 1018 2672 poetam
1045 2593 1283 2674 egregiecom-

145 2674 283 2738 mendaci
297 2673 446 2739 iudicavit.
489 2675 543 2740 liis
559 2684 591 2740 et
608 2669 707 2740 multis
724 2678 789 2740 eliis
804 2695 884 2741 unus
899 2677 1035 2744 Clericus
1050 2679 1161 2760 opponi
1175 2685 1282 2759 potest,

21 2771 22 2846 ᾗ
145 2762 198 2842 qui
221 2766 300 2822 teste
320 2759 456 2823 Fabricio
482 2760 562 2825 Batn
583 2765 724 2844 scriptam
746 2781 818 2826 esse
841 2783 859 2826 a
882 2763 1014 2844 quodam
1041 2764 1078 2825 ad
1101 2763 1283 2842 exagitanda

145 2846 267 2910 Homeri
297 2853 436 2926 poemata
467 2845 541 2912 dixit
569 2848 600 2910 in
627 2848 701 2912 Bibl.
723 2849 778 2912 sei.
800 2847 832 2910 T.
855 2849 895 2907 22
920 2867 948 2929 p.
969 2849 1041 2914 268.
1090 2847 1150 2912 Sed
1172 2849 1281 2910 mirum

145 2929 350 3015 παράδοξον,
370 2939 404 2994 ut
425 2931 484 2994 illis
500 2934 702 3015 temporibus,
718 2933 820 3014 posuit
831 2933 1023 2998 Hermannus
1037 2951 1096 2998 von
1110 2935 1166 3002 der
1182 2933 1283 3015 llardt‚

145 3016 192 3078 vir
216 3023 246 3078 ct
268 3014 391 3078 aliunde
413 3017 592 3084 mirabilium
615 3021 789 3101 opinionum
805 3021 911 3084 studio
933 3028 1032 3102 notus,
1057 3019 1109 3101 qui
1130 3019 1283 3082 llelmsta-

145 3103 215 3164 diae
240 3099 320 3160 itti
344 3109 439 3164 totum
462 3105 604 3168 volumen
627 3106 823 3186 conscripsit,
845 3113 878 3168 ut
898 3105 1091 3185 ostenderet,
1113 3107 1171 3172 stab
1194 3105 1282 3168 buius

145 3186 266 3250 labulae
294 3190 416 3252 nomine
444 3189 518 3254 nibil
544 3190 624 3254 aliud
653 3191 710 3252 nisi
731 3189 942 3270 tironensium
966 3186 1081 3273 (μυῶν)
1104 3197 1134 3252 ct
1156 3190 1283 3256 Trachi-

146 3274 264 3336 niorum
287 3267 488 3360 (βατράχων)
515 3275 626 3340 bellam
652 3276 758 3338 nescio
788 3275 869 3356 quod
897 3280 1025 3355 apuetu
1047 3277 1213 3356 perstringi
1232 3275 1283 3338 id-

146 3377 206 3439 que
235 3357 358 3420 minima
381 3377 502 3438 quaque
530 3379 566 3424 re
594 3360 771 3432 conlirmeri
797 3363 851 3424 ivit
875 3361 1123 3446 demonstratum.
1174 3361 1283 3424 Postea

147 3451 246 3508 autem
271 3460 362 3521 quum
385 3444 503 3525 plunimi
521 3448 605 3510 satis·
617 3447 765 3512 baberent
787 3447 943 3528 perediam
958 3447 1085 3510 diomeri
1101 3464 1283 3528 agnoscere,

147 3527 328 3596 Welandius
343 3529 460 3608 primus
477 3531 496 3596 l.
515 3550 543 3600 e,
563 3532 734 3597 dubitanter
753 3533 836 3598 banc
854 3532 1036 3602 sententiam
1060 3532 1188 3611 protulit,
1201 3533 1284 3608 ‚„lu-

147 3616 232 3681 dicro
258 3611 557 3698 modo-descriptum
580 3634 651 3680 esse
673 3624 828 3682 certamen
851 3619 881 3682 in
905 3617 1023 3682 civitate
1048 3615 1164 3680 Graeca
1188 3635 1283 3680 exar-

146 3709 207 3766 tum
236 3698 314 3760 inter
343 3699 479 3782 nobiles,
511 3702 563 3784 qui
589 3710 732 3784 tanquam
761 3695 925 3786 γειομόροι
954 3719 1015 3766 ιιοιι
1046 3703 1150 3784 inepte
1180 3721 1284 3768 mures

147 3787 262 3868 possint
284 3783 359 3867 dici,
382 3793 413 3850 ei
434 3787 553 3867 plebem
576 3807 720 3854 ranarum
742 3788 866 3852 nomine
886 3793 1033 3870 notatam,
1059 3789 1202 3870 quoniam
1225 3788 1283 3852 de-

145 3868 290 3934 mucratia
320 3889 415 3953 saepo
444 3875 545 3937 naneti
572 3891 608 3938 re
635 3877 702 3938 nisa
727 3874 796 3936 sitit.
840 3872 901 3936 cci.
922 3891 982 3956 ego
1009 3874 1068 3938 bun
1089 3892 1181 3936 unum
1204 3875 1284 3938 obii-

146 3961 239 4031 ciam,
270 3957 426 4020 consilium
451 3959 522 4023 illud
549 3960 577 4022 si
597 3978 680 4022 nero
704 3958 833 4040 subluit,
853 3976 953 4039 quum
976 3961 1006 4024 in
1028 3960 1119 4024 tutius
1140 3960 1283 4022 carminis

144 4043 401 4124 conformatione,
431 4051 494 4108 tum
522 4064 599 4109 vern
624 4045 713 4110 etiam
741 4046 773 4106 in
800 4045 1051 4127 rebuesmgutts
1073 4045 1113 4108 ita
1141 4045 1284 4110 debuisse

218 4204 238 4272 'i
256 4202 351 4274 Epigr.
369 4199 444 4262 xiv.
472 4200 538 4256 183:
565 4204 667 4274 Perlepe
691 4204 810 4258 Maeonio
837 4187 956 4260 ocreatus
982 4205 1098 4258 carmine
1124 4221 1220 4267 ranam·
1251 4206 1286 4256 Et

145 4278 256 4342 frontem
273 4277 347 4344 nupia
364 4275 458 4326 reluere
478 4275 546 4324 dirce
564 4277 633 4327 mair.
653 4301 686 4314 -
738 4273 773 4342 ¹⁶)
791 4273 858 4330 silv.
877 4274 961 4344 prael.
979 4273 1012 4326 aul
1032 4271 1156 4326 Stellamz
1176 4275 1243 4328 Nam
1261 4285 1285 4326 ct

149 4347 262 4399 Calicem
277 4341 382 4418 leqimnr
400 4353 424 4396 et
439 4343 511 4398 narr.
528 4344 603 4396 edom
620 4347 796 4415 aqoorcr'mun
814 4364 861 4397 ricc
876 4349 1008 4414 qnisquam
1023 4353 1060 4397 eal
1072 4345 1206 4396 alariarum
1219 4363 1284 4414 poe-

147 4420 307 4487 tarumque·
324 4435 377 4468 non
394 4416 492 4482 cliqnid
508 4417 625 4483 apamias
642 4420 695 4470 asir
712 4419 768 4470 stilo
785 4419 927 4470 ramesen
943 4417 1103 4486 promuerit.

192 4489 241 4558 ¹¹⁴'i
260 4485 410 4562 ityrbctoq.
431 4483 440 4542 Ι
460 4486 527 4541 inita
547 4488 619 4554 Quoad
635 4489 769 4543 Mccarar’rrr
786 4505 912 4544 ranarum
928 4487 1094 4544 canditum&
1107 4487 1224 4556 praetia..
