3124 5220
839 269 886 336 eu

296 457 355 502 nec
376 441 447 504 huic
471 441 540 503 loco
563 442 622 505 ulla
647 449 710 504 arte
736 440 945 504 conciliandis
992 437 1126 512 Quorum
1153 457 1296 502 versuum
1320 440 1444 520 cogni-
1546 459 1548 494 ι

294 528 376 589 lione
399 545 490 606 quum
513 535 544 589 et
566 530 631 609 ipsa
654 545 795 610 magnam
817 525 950 589 fortasse
972 525 1071 587 lucem
1094 527 1183 588 huius
1207 527 1265 588 loci
1292 527 1442 588 obscuri-

294 612 347 672 tati
369 612 547 676 altluxurum
572 615 710 694 opinatus
732 629 848 693 essem,
876 612 1040 675 nuntiatum
1065 619 1111 674 est
1130 614 1256 674 omuino
1280 612 1353 674 nihil
1376 613 1440 674 de-

295 713 366 758 esse
387 699 419 759 in
443 699 501 760 illis
524 700 696 762 codicibus!
740 698 801 762 Sed
823 699 872 760 vel
894 699 920 760 si
947 697 1086 759 lacunam
1115 701 1273 778 statuaris,
1305 701 1438 778 primum

294 789 358 844 tres
387 783 428 846 illi
455 801 565 848 narsus
595 786 709 848 nullium
736 785 851 846 habent
878 783 1077 888 intellectum,
1110 783 1179 845 dum
1203 799 1269 884 mus
1290 781 1320 844 in
1344 791 1438 863 tergo

295 885 390 930 tunae
411 869 512 948 sedet3
543 871 695 952 quomodo
718 871 797 932 enirn
820 871 915 950 possit
938 861 1043 948 οὖρην
1066 891 1179 949 oopsro
1200 861 1284 952 η’ύτε
1307 864 1439 948 κώπην,

296 960 347 1014 aut
368 953 462 1058 quid
462 954 522 1018 hoc
544 955 692 1056 prodest?
735 957 853 1021 Deinde
873 973 955 1035 quae
977 952 1056 1015 haec
1077 959 1124 1014 est
1145 960 1295 1015 structura
1317 953 1437 1016 verho-

294 1033 550 1121 mmodpav-
574 1036 697 1121 copon,
719 1035 903 1128 εὐχόμενός
925 1061 1016 1102 as-
1035 1032 1070 1104 ἐκ
1075 1033 1211 1118 iugero?
1255 1038 1340 1110 Quae
1362 1057 1436 1102 orn-

297 1125 345 1185 nia
366 1124 487 1185 intuens
509 1127 656 1190 Fraokius
678 1127 734 1188 hos
752 1145 801 1187 vr.
818 1131 886 1206 post
904 1125 943 1184 85
959 1124 1123 1202 relegarit3
1146 1123 1200 1185 sed
1219 1131 1436 1204 praeterquam

297 1207 378 1288 quod
401 1209 478 1272 haec
498 1215 691 1293 transpositio
718 1212 798 1273 nulla
827 1211 1003 1272 auctoritate
1034 1216 1160 1270 externa
1189 1211 1307 1289 nititur,
1340 1211 1436 1272 nihilo
1548 1197 1549 1236 ³

296 1295 428 1374 aptiores
448 1305 536 1360 erunt
553 1315 670 1378 versus,
694 1313 822 1377 quorum
846 1296 921 1358 alter
939 1298 978 1355 87
1004 1293 1041 1356 ad
1065 1294 1220 1375 exemplar
1241 1310 1269 1355 v.
1283 1295 1323 1353 ta
1347 1295 1436 1356 fictus
1548 1333 1549 1370 ι

296 1387 343 1441 est
365 1377 456 1462 (quod
479 1401 518 1446 ne
542 1393 695 1465 appareat,
718 1383 795 1445 iacta
818 1389 864 1444 est
887 1383 1070 1462 ineptissima
1091 1380 1281 1460 interpolatio
1299 1381 1437 1442 delerio-
1548 1385 1549 1410 ¹

296 1483 412 1529 rumv.
438 1467 479 1527 72
502 1469 659 1553 ἰδέσθαι),
682 1468 758 1531 alter
780 1469 851 1528 88
843 1485 963 1528 inanem
987 1465 1197 1546 repetitionem
1222 1466 1313 1527 habet
1335 1484 1363 1527 v
1385 1465 1436 1527 69.

294 1551 369 1614 Nam
393 1552 475 1632 quod
497 1554 643 1617 Frankius
666 1555 787 1653 scripsit
809 1554 849 1612 88
873 1554 1031 1627 ἑλίσσετο,
1054 1553 1228 1613 coniectura
1250 1549 1357 1630 llgenii
1380 1559 1434 1633 est,

297 1655 388 1720 quum
408 1641 439 1700 in
460 1640 546 1702 codd
569 1643 606 1702 sit
624 1633 798 1748 iatcitcccr
821 1638 992 1719 eodemque
1013 1655 1107 1698 versu
1130 1655 1169 1698 ex
1190 1637 1377 1717 interpolatis
1397 1638 1436 1698 li-

297 1725 360 1788 bris
388 1723 470 1786 dedit
496 1718 604 1790 πολλα
637 1720 664 1789 δ’
684 1719 859 1806 ἑβωστρει,
890 1725 945 1785 sed
974 1740 1064 1824 quum
1090 1723 1138 1783 alii
1167 1723 1298 1784 habeant
1324 1716 1434 1786 moliri

296 1807 462 1890 daupeins,
495 1811 638 1872 meliores
661 1818 760 1872 autem
786 1809 904 1870 fidelius
930 1802 1038 1872 cretici
1062 1802 1089 1870 δ’
1107 1802 1211 1891 ἐβόα,
1243 1807 1434 1870 manifestum

297 1903 344 1956 est
365 1903 537 1977 corruptam
560 1896 721 1958 lectionem
744 1913 814 1958 csse
836 1895 990 1971 traditam3
1022 1893 1216 1954 scribendum
1242 1901 1342 1956 antem
1366 1912 1434 1956 cum
1549 1883 1550 1960 t

296 1980 444 2042 Baruesio
466 1975 575 2047 nolint
597 1973 774 2064 δ’ἕβωσεν,
796 1981 904 2044 collato
930 1982 975 2060 M,
1000 1978 1060 2036 337
1082 1975 1231 2059 βώσαντι
1254 1989 1283 2041 el
1305 1979 1436 2060 Hippon.

298 2067 339 2147 lg
365 2065 487 2146 luet,
522 2065 574 2128 ubi
597 2065 849 2130 Schneidewinus
876 2064 1005 2128 eandem
1033 2063 1160 2126 formum
1189 2066 1330 2168 restituit.
1375 2064 1434 2126 Sed
1549 2121 1550 2126 ,

298 2153 386 2212 etiarn
409 2151 506 2231 primo
530 2169 623 2214 versu
646 2153 707 2236 (86)
730 2154 880 2215 bonorum
900 2151 1046 2213 librorum
1069 2150 1217 2228 scriptura
1241 2172 1348 2232 coppo
1370 2155 1435 2228 μὲν

299 2235 389 2317 mpoic
390 2233 552 2302 ’sntcc'r
538 2242 578 2316 ἐφ
579 2234 720 2304 ’ὕδασιν
741 2238 943 2318 corruptelam
965 2236 1098 2298 declarat
1118 2236 1154 2296 ab
1177 2236 1357 2315 interpolato
1376 2253 1436 2335 ge·-

298 2337 373 2382 nere
394 2321 439 2384 sic
460 2329 597 2384 sanatam
616 2319 720 2406 οὐρὴν
737 2321 845 2404 πρῶθ’
857 2320 1022 2405 ἥπλωσεν,
1045 2339 1125 2401 quae
1140 2321 1311 2384 emendatio
1328 2323 1434 2382 nescio

298 2425 337 2468 an
359 2407 399 2469 ita
423 2426 496 2470 vera
521 2409 573 2491 sit,
603 2415 635 2470 ut
656 2416 704 2470 est
730 2409 842 2488 facilis3
873 2426 912 2469 ne
935 2415 1036 2469 tamen
1059 2407 1118 2474 hoo
1140 2407 1272 2488 maligne
1300 2414 1391 2487 atque
1418 2425 1435 2467 e

299 2511 367 2554 mea
388 2511 424 2556 re
447 2494 560 2556 dixisse
583 2495 697 2575 ridear,
721 2495 791 2576 quia
813 2496 845 2556 in
867 2502 1008 2574 promptu
1031 2499 1076 2555 est
1098 2491 1169 2554 illud
1194 2494 1308 2574 πρώτα
1328 2493 1435 2554 couci·

295 2579 364 2641 liari
386 2597 446 2640 non
469 2582 614 2659 possein
637 2581 719 2642 hunc
741 2599 853 2644 nexum
876 2581 1108 2657 sententiarum,¹
1131 2578 1267 2640 concedo
1290 2595 1352 2639 non
1377 2579 1435 2639 mi·

298 2681 403 2727 norem
434 2664 555 2727 laudem
587 2667 715 2747 mereri,
750 2667 832 2747 quod
862 2666 997 2744 Ilgenius
1027 2664 1210 2743 excogitavit
1238 2656 1340 2744 cuprio
1370 2668 1436 2744 μὲν

298 2750 623 2832 recommemorent
651 2769 691 2814 ue
718 2752 763 2815 sio
791 2751 913 2834 quidem
939 2751 1018 2813 tueri
1043 2751 1133 2813 velim
1155 2750 1222 2812 illos
1246 2765 1354 2811 uersus
1377 2750 1434 2810 mi-

299 2853 370 2898 sere
391 2836 631 2919 conglutinatos,
663 2839 714 2918 quui
740 2838 882 2901 eliciendi
909 2837 1069 2916 videntur,
1102 2837 1140 2897 ita
1172 2843 1202 2897 ut
1227 2853 1257 2898 v.
1280 2835 1320 2893 73
1353 2842 1436 2897 arcte
1550 2843 1551 2910 j

298 2939 366 2983 cnm
390 2923 430 2981 tl
457 2923 577 2986 Franhii
600 2927 812 3004 coniungatur.
834 2961 874 2970 -
912 2923 971 2986 Sed
994 2931 1026 2984 ut
1048 2921 1197 2983 sententia
1219 2939 1289 2982 mea
1312 2919 1353 2982 de
1378 2920 1436 2982 hoc
1550 2919 1551 2960 i

298 3008 367 3068 loco
392 3008 452 3069 luta
477 3009 515 3069 ab
541 3012 623 3070 omni
649 3019 736 3089 parte
760 3011 879 3071 demum
901 3010 1062 3088 probetur,
1093 3023 1223 3068 necesse
1246 3014 1294 3068 est
1319 3007 1356 3068 de
1382 3025 1436 3068 se·

298 3093 458 3173 quenlibus
484 3094 611 3154 74-78
634 3113 732 3174 panca
755 3095 959 3176 subiungere3
993 3093 1101 3157 horum
1125 3095 1206 3156 enim
1228 3109 1353 3154 sensum
1376 3111 1436 3154 ne-

299 3178 429 3260 modum,
452 3180 533 3260 quod
556 3182 658 3263 sciam,
680 3185 846 3264 perspexit.
888 3180 996 3262 Neque
1019 3180 1100 3242 enim
1119 3177 1320 3259 reprehensio
1338 3195 1435 3240 ranae

299 3267 378 3327 inest
399 3268 429 3327 in
452 3267 591 3330 oratione
613 3268 662 3328 illa
685 3272 795 3350 moris,
821 3287 913 3347 quum
936 3268 1063 3329 honesta
1085 3267 1183 3346 potius
1206 3265 1436 3344 compellatione

299 3351 406 3412 ducem
435 3367 523 3412 suum
555 3361 775 3414 commemoret
805 3370 888 3432 mus,
921 3369 1024 3431 neque
1053 3350 1140 3412 fictae
1166 3350 1345 3429 blanditiae;
1380 3350 1436 3413 sed

299 3435 482 3515 consolatio,
511 3453 570 3516 qua
592 3453 659 3498 mus
682 3438 814 3499 animum
837 3435 959 3497 anxium
983 3437 1105 3514 erigere
1128 3435 1237 3498 studet.
1281 3436 1436 3499 Sententia

302 3528 399 3583 auum
428 3523 675 3605 interrogationis
704 3525 792 3604 signo
820 3521 1010 3585 terminanda
1038 3522 1096 3585 hoc
1124 3529 1228 3584 sonat:
1260 3521 1369 3583 Nonne
1392 3522 1437 3584 sic

301 3607 422 3690 Europe
445 3611 534 3688 virgo
554 3629 611 3690 per
633 3627 718 3672 mare
748 3616 834 3672 recta
862 3617 909 3671 est
935 3610 964 3671 in
988 3616 1076 3688 tergo
1099 3610 1192 3690 tauri,
1221 3614 1252 3669 ut
1281 3613 1330 3669 me'
1356 3625 1437 3670 nunc

300 3710 375 3754 rana
399 3697 528 3756 sustinet
550 3694 710 3758 humeris?
753 3696 830 3770 Quid
854 3711 930 3774 ergo
956 3693 1152 3776 (cogitatione
1176 3692 1345 3756 addendum
1368 3693 1436 3775 hoc)

300 3780 408 3841 bmore
438 3780 633 3859 expavesco?
678 3781 755 3854 Quid
783 3782 923 3844 lacrimas
952 3779 1069 3844 lundo‘l
1112 3778 1220 3842 Nonne
1250 3780 1357 3842 eadem
1388 3780 1437 3842 ulii

299 3865 433 3928 tulerunt
459 3865 552 3928 multo
581 3884 629 3930 me
656 3867 848 3931 nobiliores?
890 3866 957 3929 blus
985 3867 1077 3946 igitur
1105 3864 1212 3926 mediis
1237 3866 1268 3927 in
1293 3866 1436 3947 periculis

299 3951 417 4013 luctans
439 3971 506 4014 cum
529 3952 618 4014 undis
637 3960 737 4015 tamen
760 3953 918 4016 confirmat
939 3955 1069 4016 animum
1091 3950 1323 4030 considerando,
1346 3971 1436 4032 quam

299 4036 338 4096 sit
360 4037 465 4100 similis
491 4039 588 4101 lactus
614 4039 772 4120 Europae,
805 4040 935 4121 facitque
964 4057 1004 4100 ex
1025 4055 1110 4098 more
1133 4054 1239 4098 corum
1265 4045 1436 4118 poetarum,

301 4121 352 4202 qui
384 4141 504 4186 amores
533 4123 606 4188 suo's
634 4125 827 4188 celebrantes
856 4125 1024 4188 fabularum
1054 4125 1282 4204 comparatione
1306 4123 1435 4184 adhibila

302 4216 512 4288 argumentum
535 4230 591 4292 per
613 4229 647 4275 se
669 4230 730 4275 non
754 4213 828 4273 satis
851 4227 947 4290 grave
969 4208 1113 4272 illustrius
1136 4209 1311 4272 reddebant.
1360 4207 1436 4270 Nam

300 4295 359 4356 hac
383 4296 520 4358 oratione
548 4297 585 4359 ad
614 4300 733 4362 modum
760 4297 897 4360 sublimis
924 4297 1066 4358 carminis
1095 4311 1242 4377 expressa
1270 4295 1355 4372 tangi
1380 4294 1437 4356 ali-

302 4399 393 4461 quem
415 4389 534 4462 poetam
558 4383 705 4450 insulsum
726 4385 776 4448 vel
798 4382 916 4465 epicum
938 4382 986 4444 vel
1006 4382 1133 4463 lyricum
1157 4378 1244 4442 valde
1266 4377 1339 4441 mihi
1361 4398 1436 4461 pro-
