3124 5220
848 248 893 320 34

302 419 350 486 Ex
365 423 423 488 boc
440 422 530 488 velim
550 429 751 505 cognoscatur
773 426 928 506 primum,
925 443 1057 507 versum
1075 425 1156 490 bunc
1168 417 1365 526 Ώκιμίιῖην
1371 422 1447 489 κτλ.

305 518 416 573 certam
440 511 544 574 sedem
568 527 629 574 non
651 510 811 591 babuisse,
834 510 1027 615 deindepost
1046 513 1139 575 verba
1157 503 1301 576 suntote
1325 502 1365 575 δι’
1379 505 1450 574 αρ’-

303 598 397 682 χένοη
424 598 562 660 lacunam
589 615 674 676 esse;
704 615 772 659 nam
801 597 924 698 τρῶσεν
951 593 1108 678 ἐπιφθαρ
1136 597 1369 660 additamentum
1397 601 1449 658 est
1559 579 1560 582 ¹

305 683 428 747 librarii
472 683 547 746 Tum
571 700 680 746 versus
711 677 780 750 ἀλλ’
799 677 939 765 ὀμὲν”
927 689 1072 748 εσιιασεν
1097 683 1167 749 κτλ
1193 685 1258 746 sinc
1282 681 1373 744 dubio
1398 687 1449 742 est

306 771 492 872 grammatici
514 769 719 872 interpretatio
745 771 884 849 sequenti
907 761 977 833 cod
998 763 1175 845 ἐξέσπασεν
1206 767 1322 845 addita3
1356 767 1450 828 deni-

306 873 366 935 que
388 880 486 936 ηρικιε
511 855 540 922 d’
554 850 662 926 ababa
686 861 800 935 spectat
826 855 864 917 ad
891 855 1066 935 sequentia,
1097 855 1205 935 quibus
1228 871 1320 916 causa
1346 854 1451 916 conti-

306 941 374 1004 neri
397 941 529 1021 videtur,
552 959 607 1004 cur
632 941 840 1004 bimnocbaris
864 941 1014 1021 extemplo
1037 942 1187 1003 ceciderit.
1232 940 1452 1012 Quamobcan-

306 1044 370 1090 sam
393 1046 467 1090 vero
491 1027 574 1089 multi
597 1027 719 1090 codices
738 1028 833 1090 verbu
855 1015 1185 1126 Λειχὴναρ-κῖπαρ
1207 1027 1374 1108 omiserint,
1397 1026 1452 1086 in-

306 1113 352 1175 ira
372 1114 478 1176 dicam
522 1111 583 1176 Sed
605 1115 630 1177 si
654 1115 722 1193 quis
746 1115 930 1193 quaesiverit
949 1111 987 1174 de
1004 1114 1137 1192 genuina
1156 1113 1246 1177 totius
1263 1112 1322 1175 loci
1339 1112 1450 1191 forma,

307 1218 367 1262 non
392 1218 452 1282 ego
475 1218 542 1262 sum
566 1218 601 1260 ea
629 1200 769 1279 audacia,
807 1218 866 1278 qna
893 1197 1026 1278 iigenius
1054 1216 1163 1262 versus
1194 1185 1311 1261 mutilos
1339 1215 1449 1278 parum

307 1286 424 1348 adiutus
448 1285 604 1348 codicibus
627 1287 787 1348 restituere
809 1291 935 1346 conatus
959 1292 1020 1362 σει,
1043 1302 1133 1364 quem
1152 1285 1312 1348 relature'
1304 1303 1335 1346 ιιι
1354 1284 1450 1346 rebus

307 1371 444 1452 singuiis,
468 1373 537 1452 quia
553 1378 666 1433 rectam
683 1374 762 1434 viam
777 1372 900 1434 omnino
917 1387 978 1434 non
997 1377 1044 1432 cst
1056 1372 1225 1453 ingressus,
1249 1389 1349 1434 meum
1367 1387 1451 1432 nnnc

307 1475 378 1523 esse
403 1474 464 1520 non
488 1456 574 1519 duco.
592 1495 627 1504 -
656 1455 702 1520 Ac
725 1457 764 1519 de
785 1456 1065 1536 interpolationibus
1089 1457 1208 1537 quidem
1233 1458 1306 1520 satis
1329 1456 1450 1519 dictum.

438 1544 466 1606 b.
487 1544 536 1606 De
558 1544 685 1606 ἱσσααῑι.

393 1629 441 1692 Ab
465 1629 655 1692 abundantiis
681 1629 793 1692 codicis
817 1626 972 1710 archetypi
995 1627 1159 1692 transimus
1184 1629 1220 1692 ad
1244 1629 1377 1709 inopias,
1412 1626 1450 1689 de

308 1715 424 1778 lacunis
448 1716 592 1779 nonnulla
617 1715 733 1779 dicturi
778 1719 878 1794 Atque
903 1715 933 1775 in
957 1715 1097 1777 versibus
1119 1716 1192 1796 ipsis
1213 1717 1241 1777 si
1265 1733 1326 1777 vox
1349 1714 1451 1793 aliqua

309 1803 421 1864 omissa
451 1808 531 1880 erat,
563 1801 651 1864 iacile
686 1802 744 1862 boc
773 1802 968 1880 cognoscitur
997 1798 1121 1864 diversa
1149 1801 1291 1882 explendi
1322 1800 1450 1882 ratione,

310 1907 399 1991 quam
431 1888 553 1950 codices
584 1890 726 1949 inierunt
778 1886 844 1948 Hoc
874 1883 965 1949 modo
994 1905 1022 1947 v.
1044 1886 1131 1945 04”
1115 1911 1232 1959 cnunc
1258 1883 1454 1970 γηθόσυνος

307 1969 393 2055 ε’μὸν
409 1967 551 2078 δόμον
549 1973 766 2055 εἰσαφίκηαι
759 1992 790 2034 ιιι
795 1972 982 2072 archetypo
1010 1971 1105 2034 fuisse
1132 1974 1276 2054 arbitror,
1308 1971 1452 2053 quocirca

311 2067 379 2122 ante
403 2083 487 2141 εμσν
513 2058 563 2119 alii
587 2051 803 2121 addiderunt'
789 2083 840 2133 ει,
873 2059 954 2138 quod
982 2064 1081 2137 aptum
1110 2076 1170 2120 non
1196 2059 1314 2122 videtur
1337 2058 1373 2118 ad
1396 2074 1453 2118 sc-

311 2160 408 2225 quens
437 2144 643 2241 εἰςαφίκηαι
674 2144 711 2207 cl.
742 2144 867 2206 similem
899 2144 998 2205 locum
1027 2143 1099 2206 Hes.
1126 2143 1173 2207 Sc.
1196 2148 1252 2224 453
1289 2139 1338 2206 alii
1368 2138 1454 2245 πρὸς
1560 2135 1561 2216 ᾗ

311 2231 495 2331 adiecerunt,
519 2228 569 2290 alii
591 2230 672 2291 nibil.
716 2230 828 2292 Verum
847 2229 976 2312 videtur,
1000 2229 1080 2309 quod
1104 2249 1182 2293 nnus
1202 2252 1219 2292 a
1241 2231 1369 2312 praebet
1392 2223 1454 2292 τὸν
1560 2275 1561 2296 ι

310 2309 395 2396 ἐμὸν
419 2312 471 2398 ‹io'p
475 2340 547 2392 ερας
570 2315 607 2378 ci.
632 2317 671 2376 25
696 2310 830 2427 τούμὸν
849 2317 1019 2399 μένομ-
1048 2315 1169 2377 Μοιιι.
1194 2318 1243 2396 67,
1266 2317 1319 2379 ubi
1343 2312 1453 2376 melin-

311 2419 377 2463 ιιιιιι
406 2416 477 2480 pars
508 2401 559 2465 uni
587 2396 625 2466 cd
653 2426 784 2482 nonnos
812 2409 960 2487 ε’,χαιρεν
990 2401 1099 2482 reliqui
1127 2402 1180 2466 unt
1211 2403 1345 2484 πρώιον
1375 2402 1454 2480 μὲν,

313 2507 403 2569 qnum
435 2493 595 2566 utrumque
625 2488 699 2552 lerri
728 2488 838 2570 possit,
873 2486 945 2550 illud
974 2494 1074 2550 tamen
1107 2490 1203 2567 magis
1230 2487 1345 2568 placei,
1382 2486 1453 2585 quia

312 2572 412 2654 paullo
434 2571 613 2637 insolentius
637 2575 747 2678 dictum
771 2581 890 2636 cst.-
923 2572 957 2636 V.
981 2574 1039 2632 133
1062 2573 1102 2636 ita
1125 2576 1257 2655 variant,
1280 2581 1312 2636 ut
1333 2573 1453 2634 nescius

306 2659 442 2720 'fueritne
464 2659 608 2739 scriptum
631 2662 685 2724 καὶ
709 2657 771 2726 τὸν
794 2662 861 2741 μὲν
884 2655 1015 2741 πρῶτόν
1037 2683 1073 2741 γε
1095 2678 1135 2722 an
1158 2655 1292 2740 πρῶτόν
1315 2662 1376 2744 ῥσις
1368 2657 1454 2718 ·sad

313 2762 403 2826 quum
427 2743 535 2805 lacuna
558 2753 677 2809 servata
701 2746 740 2809 sit
765 2745 797 2804 in
826 2743 891 2805 An
918 2744 999 2825 aliis,
1030 2762 1092 2848 ego
1119 2746 1311 2848 probaverim
1338 2767 1386 2825 γε.
1411 2775 1451 2788 -

312 2831 346 2893 V.
365 2829 424 2890 trs
451 2831 592 2895 meliores
614 2832 750 2934 plerique
768 2830 875 2910 legunt
891 2828 976 2896 κακαὶ
1001 2824 1062 2897 τὸν
1084 2827 1168 2914 νηὸν
1190 2833 1376 2916 σκιρτῶσιν,
1398 2847 1454 2892 ce-

312 2922 370 2980 teri
401 2920 513 2980 omisso
543 2919 668 2983 articulo
698 2913 747 2983 cist
776 2925 845 2998 post
871 2913 955 2999 νηόν
981 2917 1192 2996 inseruerunt;
1224 2925 1254 2979 et
1280 2933 1452 3016 quanquam
1559 2963 1560 2974 ,

313 3003 363 3064 lric
388 3004 505 3066 articuli
528 3023 602 3068 usus
625 3023 699 3067 non
706 3004 826 3064 alienus
848 3010 894 3066 est
917 3002 954 3064 ab
977 3001 1038 3064 boc
1061 3010 1166 3083 poeta,
1182 3021 1256 3084 ago
1277 3011 1379 3065 tamen
1402 2995 1452 3065 del

313 3091 482 3151 sentcntiae
513 3093 609 3171 aptius
638 3088 883 3152 existimaverim.
926 3087 1083 3168 [inplicam
1111 3090 1225 3152 scilicet
1252 3091 1331 3152 viam
1354 3088 1454 3151 corri-

315 3176 408 3258 gendi
437 3177 614 3241 emendator
641 3175 889 3241 ostenderan-
926 3172 958 3235 ln
981 3174 1042 3238 fine
1065 3193 1174 3237 versus
1202 3176 1314 3256 aliquid
1343 3174 1455 3237 excidit

314 3270 422 3372 ppstca
444 3264 522 3327 male
545 3265 763 3347 suppletnmv.
786 3261 854 3343 144,
877 3261 928 3325 ubi
952 3262 1075 3326 codices
1098 3269 1194 3331 metro
1215 3264 1333 3344 perdito
1358 3254 1455 3342 λόγος

315 3344 342 3412 ‹i'
355 3354 402 3418 εἰς
425 3348 530 3413 οὔατα
554 3352 649 3431 μυσὶν
668 3345 814 3429 (exceptis
831 3368 889 3427 acy,
914 3349 966 3428 qui
985 3352 1182 3412 coniecerunt
1198 3347 1360 3432 πάντων),
1384 3363 1454 3407 uam

316 3433 396 3531 quod
414 3431 590 3496 Maittairius
609 3434 678 3495 dicit
690 3433 884 3514 Sylburginm
902 3433 1112 3500 demonstrare
1129 3433 1166 3496 ad
1185 3433 1281 3516 Etym
1295 3433 1333 3495 bl.
1352 3451 1381 3514 p.
1393 3431 1452 3491 380

315 3521 410 3597 procia
432 3519 462 3580 in
486 3520 579 3602 priori
600 3519 736 3620 produci
750 3536 850 3600 posse,
874 3518 923 3582 ille
947 3537 986 3584 ex
1009 3537 1064 3584 suc
1087 3521 1213 3604 ingenio
1235 3528 1455 3602 pentametrum

314 3603 398 3667 linunt
414 3604 475 3671 boc
490 3608 587 3671 rnrtro
611 3609 697 3687 μύες
719 3600 813 3680 ὅλον,
834 3605 915 3668 nullo
933 3609 1045 3672 veteris
1067 3615 1175 3690 poetae
1197 3608 1346 3689 exemplo.
1389 3604 1455 3685 lgi-

314 3698 363 3752 tur
386 3695 482 3774 procia
505 3711 596 3774 quum
617 3696 654 3756 sit
678 3691 852 3773 delendum,
884 3694 956 3773 quid
979 3695 1161 3777 scribamus,
1195 3694 1282 3757 valde
1304 3696 1454 3756 incertum

317 3783 377 3852 est3
411 3777 531 3841 videtur
554 3787 652 3841 autem
675 3777 846 3841 desiderari
869 3781 1047 3844 adiectivum
1070 3782 1107 3844 ad
1131 3799 1237 3844 vocem
1261 3772 1358 3864 λόγον
1380 3797 1455 3860 per·

315 3863 481 3924 linens.-
510 3862 591 3928 idem
615 3865 746 3928 fortasse
770 3864 881 3927 iactum
904 3875 950 3929 est
973 3868 1043 3950 200,
1067 3869 1117 3932 ubi
1143 3885 1234 3969 quum
1258 3867 1335 3930 baec
1360 3866 1454 3930 verba

317 3943 452 4022 πάντας
473 3975 538 4032 μεν
560 3975 578 4033 ρ
609 3943 756 4034 ἐφόβησε
778 3947 894 4035 βαλών
916 3949 973 4018 ἐπὶ
1002 3952 1156 4029 accede
1147 3972 1178 4016 ιιι
1206 3954 1347 4016 omnibus
1370 3951 1454 4015 libris

316 4039 451 4134 exstent,
482 4037 512 4098 in
537 4036 740 4116 compluribus
768 4037 841 4099 nibil
866 4038 1001 4121 additur,
1031 4040 1061 4101 in
1084 4039 1149 4105 aliis
1171 4064 1253 4112 ταις
1272 4033 1382 4122 μύας,
1416 4063 1455 4107 τι

316 4116 426 4200 μύας,
456 4123 486 4183 in
515 4121 543 4184 A
570 4120 738 4204 κεραυνός
782 4123 829 4184 Ex
855 4124 915 4189 boc
941 4127 966 4187 si
995 4127 1062 4206 quis
1090 4127 1255 4188 coniecerit
1278 4121 1456 4206 κεραννὸκ,

317 4206 491 4269 coniectura
515 4207 668 4272 sanaverit
695 4207 793 4270 locum
823 4213 896 4273 satis
923 4212 1083 4291 eleganti,
1100 4211 1172 4275 mibi
1193 4226 1268 4274 varo
1293 4209 1454 4274 admodum

317 4291 473 4371 probabile
497 4296 616 4358 videtur
637 4300 728 4359 totum
753 4312 874 4357 versum
898 4314 968 4360 essc
989 4301 1143 4403 spurium,
1175 4299 1286 4378 quippe
1309 4315 1326 4358 a
1349 4315 1456 4378 gram-

318 4379 427 4442 matico
450 4381 628 4464 ascriptum,
659 4389 691 4446 nt
713 4383 853 4464 sequenti
876 4374 946 4448 ἀλλ’
960 4377 1065 4451 οὐδΜ
1042 4407 1083 4460 σς
1104 4386 1134 4450 id
1158 4391 1343 4467 opponeret,
1373 4383 1455 4467 quod
