3124 5220
248 529 379 592 Vincunt
408 536 506 592 4444444
536 530 565 592 hi
596 531 664 594 libri
694 539 814 596 eeteros
844 551 951 598 omnes
981 535 1080 596 bonae
1172 535 1303 604 444444444

158 615 227 678 iure
257 616 410 716 principes
440 623 567 696 possunt
597 618 740 698 appellari
765 620 910 700 primunr,
942 621 1023 699 quod
1049 639 1088 702 ge
1172 625 1301 686 medium

159 718 256 780 saepe
278 701 315 763 iis
338 701 416 765 vitiis
439 701 569 781 loborat,
593 721 671 783 quoe
694 721 755 768 uon
779 723 819 766 ex
842 706 1006 788 archetypo
1020 696 1178 808 originem
1203 709 1303 772 duxe-

159 791 240 848 r.unt
282 785 378 848 4444.
404 787 439 845 61
472 789 644 897 complures
676 807 782 852 eoruni
808 790 922 854 hahent
943 785 1027 854 nord
1050 802 1162 888 poton
1175 795 1227 858 noi
1253 791 1301 874 ἐφ’

155 867 277 946 eidnec,
314 871 372 932 ¹73
403 889 474 952 pars
507 876 560 937 4444
587 876 784 984 erpocisrncp
805 868 989 958 Λθήνην,
1021 877 1120 941 2024
1155 871 1302 953 Ἓξπιον,

160 955 222 1016 299
250 957 333 1020 vario
358 957 449 1020 modo
480 959 560 1038 πῆξε
588 959 664 1024 δὲ’
651 984 685 1023 w
695 960 850 1066 στέρνῳ,
882 974 991 1042 recipe,
1022 962 1095 1041 ulia3
1123 899 1194 1123 0ξ34
1224 965 1299 1064 περὶ

157 1044 241 1106 ctos
265 1035 386 1108 edoceo
410 1041 539 1122 odes,
571 1043 631 1104 275
658 1043 848 1124 πέμπωμεν
871 1044 1064 1127 abdefp,
1096 1034 1156 1123 2944
1181 1045 1300 1129 prodero

157 1125 308 1206 abdep.
354 1126 543 1192 Glosseroota
573 1131 672 1208 polius
702 1128 839 1190 ducendo
869 1138 939 1192 4444
970 1132 1027 1190 406
1056 1125 1169 1238 ocnppc
1196 1131 1300 1210 δέμας

156 1211 316 1291 bcdplr,
349 1231 388 1274 ue
419 1221 522 1276 contra
545 1212 670 1276 Homeri
692 1215 943 1279 consuetudinem
969 1225 1059 1317 poete
1088 1217 1192 1366 δέμας
1222 1215 1300 1280 dicat

157 1315 269 1378 corpus
292 1306 442 1408 inprluuru
467 1297 504 1381 (v
527 1299 617 1362 Dion.
639 1299 703 1361 4444.
728 1299 765 1360 de
788 1298 873 1362 Hoin.
897 1302 976 1375 §15
1001 1295 1038 1366 cd
1060 1305 1101 1380 pl
1107 1325 1211 1391 ojynp
1233 1303 1300 1366 4444

156 1379 336 1462 §dosov’
315 1385 365 1448 444
395 1385 500 1466 δέμας
524 1381 792 1486 προςαγοοιύπ),
823 1385 863 1444 42
887 1380 962 1452 οὐδὲ
991 1411 1074 1490 ποτε
1103 1387 1299 1486 πτολέμοιο,

154 1467 207 1530 ubi
229 1467 421 1549 Aupttm
451 1468 528 1534 odds'
559 1463 635 1536 ποτ’
658 1474 692 1533 ἐκ
658 1472 797 1533 §.nol
825 1495 930 1554 noune
958 1465 1151 1552 ἀπέφευγον
1180 1463 1299 1576 444οὴ4,

156 1572 236 1633 quae
259 1561 408 1617 structure
431 1561 465 1617 ut
487 1562 532 1616 est
554 1555 749 1636 insolentior,
772 1557 811 1618 444
834 1572 909 1619 sone
934 1555 1133 1637 exquisitior;
1151 1555 1209 1616 274
1238 1551 1298 1618 uri-

154 1663 226 1739 ppo
242 1638 424 1721 (quenquam
452 1658 491 1701 ne
519 1639 577 1704 hoc
605 1641 726 1721 quidem
754 1639 878 1722 lclsuni,
908 1660 976 1702 neni
1000 1639 1105 1705 endern
1129 1640 1224 1702 torma
1248 1639 1298 1701 44-

154 1725 266 1788 4444444
296 1733 417 1788 utuntur
446 1723 594 1788 94444444
592 1745 621 1811 g.
648 1727 715 1786 125.
748 1725 861 1790 Mosch.
886 1727 914 1807 4,
939 1727 989 1786 44.
1020 1725 1085 1788 Ν44.
1098 1725 1197 1789 Tlr.er
1228 1725 1296 1788 434

153 1809 244 1871 Dion.
268 1808 384 1890 Perieg
411 1811 488 1889 5625
524 1809 579 1873 sed
607 1809 757 1874 Homerus
782 1810 867 1894 κάρη
891 1819 1004 1874 tanturn
1034 1811 1149 1913 hobet);
1185 1805 1297 1890 27544

155 1897 210 1960 coi
228 1890 343 1976 ’Ἄρηα
367 1856 489 1958 4444444
510 1895 756 1996 4444444944,-
779 1898 927 1980 reliqui,
909 1891 965 1962 r’dt
989 1895 1065 1962 uol'
1065 1893 1192 2004 Ἀοην,
1215 1896 1295 1976 quod

154 1987 236 2060 potet
267 1998 338 2042 esse
367 2000 407 2042 ex
437 1982 642 2063 correctione,
676 1983 746 2064 quic
776 1989 924 2064 sequente
954 1981 1061 2062 plurali
1088 1986 1124 2045 oi
1143 2004 1224 2062 pro·
1246 1981 1296 2041 in-

154 2066 344 2128 cornrnodum
368 2067 520 2131 duxerunt
541 2067 714 2152 porticulum
740 2067 962 2145 disiunctivnrn3
990 2067 1045 2129 sed
1068 2065 1126 2130 hoc
1148 2065 1296 2147 subtilius,

153 2170 244 2251 quprn
267 2153 380 2216 verius.
432 2151 464 2212 ln
488 2170 624 2252 errprern
654 2154 849 2219 incurrerunt
855 2153 1047 2257 frequenti
1050 2169 1158 2215 versus
1180 2150 1296 2214 Home-

152 2238 209 2298 rici
232 2239 364 2299 exitur
391 2237 449 2297 196
474 2231 554 2318 παρ’
572 2235 688 2324 ὄχθος,
710 2239 762 2302 uti
785 2263 855 2318 παρ
887 2235 1006 2336 ὄχθαις
1026 2227 1069 2318 ἦν
1092 2232 1155 2318 ήδη
1178 2238 1294 2312 (Aac)

153 2323 265 2384 rationi
288 2325 503 2402 grammaticae
529 2325 625 2404 magis
650 2326 869 2386 convenienter
890 2324 1050 2404 scripsisse
1071 2327 1160 2404 poeta
1184 2331 1295 2402 puton-

154 2409 210 2470 dus
233 2414 288 2470 est.
333 2409 512 2470 Constanter
536 2411 624 2472 etiam
645 2409 862 2472 AGlrislocis
883 2409 933 2472 64.
957 2410 1007 2474 84.
1028 2407 1078 2470 86,
1100 2406 1150 2467 89.
1173 2407 1211 2466 99
1236 2427 1294 2470 ve-

152 2511 217 2557 ron
242 2493 401 2559 lectionem
424 2486 476 2574 ἐφ’
486 2490 587 2558 4444444
610 2501 781 2593 servarunt,
802 2514 892 2576 quoru
915 2513 955 2558 ex
978 2494 1089 2557 ceteris
1109 2492 1156 2554 4444
1175 2492 1225 2554 444
1244 2493 1294 2556 4444

152 2580 311 2662 corrigere
331 2587 459 2644 conotus
484 2587 530 2642 est
552 2585 588 2652 ἐν
612 2577 753 2656 ὕδασιν,
777 2581 868 2658 44444,
891 2598 959 2642 nem
978 2586 1039 2642 4444
1056 2596 1107 2640 444
1130 2579 1160 2640 44
1183 2597 1296 2660 super-

152 2665 221 2727 licie
245 2684 353 2764 cquae
366 2668 465 2746 egitur
482 2683 584 2746 oeque
606 2672 690 2728 recto
713 2668 882 2730 conieceris
902 2684 970 2730 cum
987 2663 1095 2729 Buthro
1113 2684 1142 2730 v
1154 2665 1194 2724 89
1213 2689 1294 2730 uoc-

152 2747 311 2816 e'dvncu‘
289 2775 344 2833 οφ
346 2743 497 2828 ὕδατι,
519 2754 576 2812 4444
600 2752 761 2832 λακτίζων
785 2749 965 2818 4444444444

238 2836 374 2898 Alterurn
405 2853 504 2914 genus
536 2844 582 2897 est
610 2836 762 2918 locorum,
797 2837 878 2918 quod
910 2837 1007 2917 primo
1044 2840 1168 2914 aspectu
1201 2840 1292 2897 toturn

152 2939 243 3002 quom
267 2921 305 2984 de
327 2921 482 2984 codicibus
504 2923 649 3002 proposui
671 2924 820 2987 rationem
844 2929 986 2984 evertere
1008 2919 1156 3001 videntur,
1181 2918 1235 2980 sed
1258 2939 1292 2982 re

152 3007 327 3086 diligentius
349 3025 501 3088 perpensa
525 3007 597 3070 nilril
621 3014 682 3089 est,
705 3009 784 3090 quod
808 3010 906 3092 magis
929 3007 1011 3070 44444
1033 3005 1101 3068 4444
1123 2967 1231 3067 hdrurn
1253 3006 1292 3068 li-

151 3095 275 3156 brorurn
305 3091 395 3154 fidem
425 3100 455 3156 et
482 3095 685 3174 integritatem
716 3096 853 3166 illustret.
898 3092 997 3174 Saepe
1025 3094 1105 3154 enirn
1131 3091 1196 3153 Ae
1223 3110 1291 3154 curn

151 3180 217 3242 aliis
240 3178 374 3240 melioris
402 3178 533 3243 44444444
562 3181 709 3244 lectiones
737 3181 882 3244 4444444444
909 3179 999 3258 plone
1028 3180 1167 3255 vitiosos,
1200 3195 1292 3256 quum

151 3265 353 3329 deterioribus
376 3265 423 3344 id,
457 3265 536 3344 quod
559 3283 666 3326 verum
690 3265 756 3326 sine
780 3265 870 3328 dubio
894 3271 955 3345 est,
985 3262 1183 3326 contineatur.
1232 3259 1292 3324 Sed

152 3351 229 3414 44444
251 3367 302 3412 444
326 3368 392 3413 earn
414 3349 504 3412 hobel
522 3349 763 3432 explicationem,
786 3358 818 3416 ut
839 3353 868 3412 in
892 3348 1057 3430 archetypo
1079 3348 1157 3410 libro
1181 3345 1290 3428 aliquid

151 3437 242 3500 luerit
262 3442 417 3517 peccatum
438 3435 570 3518 ideoque
584 3444 689 3519 posteo
707 3437 913 3519 suprascripto
928 3435 1090 3500 correctio.
1133 3433 1194 3496 lam
1212 3432 1291 3496 lide-

151 3524 196 3586 les
223 3522 338 3586 librarii
365 3522 511 3600 religiose
538 3542 575 3586 44
604 3531 735 3605 tontum,
767 3543 845 3604 quae
868 3525 899 3585 in
922 3524 1033 3584 seriem
1056 3521 1219 3584 verborum
1242 3521 1292 3580 in-

150 3609 235 3672 cluse
258 3616 360 3689 erent,
391 3616 575 3688 receperunt
602 3609 675 3672 nihil
704 3611 828 3690 rnorcti,
857 3625 964 3671 verum
987 3613 1069 3672 esset
1092 3623 1205 3681 necne,
1239 3605 1291 3684 qni

151 3701 261 3764 autern
275 3695 333 3756 et
326 3694 383 3775 rpsi
405 3712 516 3774 supere
540 3695 596 3759 sibi
618 3694 807 3775 videbuntur,
830 3693 980 3759 delectum
999 3693 1138 3759 lecerunt
1159 3691 1293 3770 scriptu-

149 3799 215 3844 444.
260 3781 308 3844 Sic
332 3789 435 3861 operte
459 3781 569 3850 incude
585 3788 747 3851 servarunt
762 3800 802 3844 cx
825 3780 929 3846 codice
952 3779 1159 3882 antiquissimo
1181 3776 1291 3876 4444444-

149 3883 202 3930 444
225 3867 396 3946 complures
420 3885 448 3927 v.
466 3868 505 3931 47
529 3871 635 3946 ἐμοῖο,
659 3870 698 3929 44
721 3862 911 3968 4449444444
933 3890 973 3930 ou
966 3861 1100 3942 'didam
1125 3854 1202 3926 56‘
1185 3888 1201 3926 ο
1221 3861 1289 3926 Φυ-

149 3953 329 4053 44444944,
352 3953 389 4012 47
415 3953 467 4021 nol
490 3946 574 4034 ἡμῖν
596 3957 677 4032 4444,
700 3953 739 4014 96
764 3945 848 4020 oillei
870 3977 914 4036 με
938 3947 1125 4035 ndnrpouc,
1150 3945 1208 4005 446
1230 3939 1292 4010 ud-

150 4034 228 4111 444,
259 4038 354 4097 447
342 4045 503 4113 cercone
537 4030 956 4125 180tvpoa2ili'p'pc,
988 3995 1292 4134 2944444449ο444,

152 4123 213 4182 298
235 4123 380 4206 fltsoooi
425 4086 523 4186 444444
546 4124 625 4227 idepu
649 4126 813 4186 cernitur
804 4143 834 4188 rn
858 4122 919 4188 his:
944 4117 1023 4182 45’
1002 4143 1105 4220 coppo
1126 4113 1247 4184 uturot
1252 4139 1291 4178 ον

150 4205 259 4274 educo
283 4208 371 4287 boni,
404 4227 495 4306 puum
520 4203 623 4285 nord,
657 4210 738 4294 quod
758 4211 910 4356 pessimi
907 4208 1035 4287 addunt,
1070 4207 1100 4269 iu
1125 4203 1289 4306 archetypo

150 4301 235 4358 essct
262 4293 516 4374 suprascriptum,
551 4297 683 4397 itemque
713 4298 752 4357 24
798 4289 987 4368 (44444444,
1015 4254 1112 4356 dbi''
1090 4318 1132 4373 cp
1133 4285 1290 4355 ’inseruit

151 4380 285 4443 deterior
315 4379 441 4457 simili&
477 4375 590 4440 ¹20”
568 4408 634 4492 ppo
654 4377 940 4483 κοθοπλιοὸμοθο
962 4379 1045 4458 Au,
1074 4378 1167 4443 celeri
1192 4367 1289 4456 ἇγεθ

151 4458 413 4549 4444444494·
400 4514 412 4548 ,
440 4467 500 4527 177
524 4490 580 4537 4444
571 4459 636 4552 dp
657 4469 812 4548 meliores,
835 4459 940 4530 clii
905 4487 965 4532 444
985 4466 1020 4536 dt
1041 4465 1235 4530 restituerunt
1251 4482 1291 4528 ex
