3124 5220
83 458 164 539 quid
185 459 279 540 possit
297 459 493 540 probabiliter
510 459 589 540 elici,
612 461 814 540 experiamur.
858 459 1004 540 Perpauei
1021 461 1142 540 puidam
1162 469 1231 526 sunt

82 546 166 626 loci,
189 545 300 626 quihus
321 553 440 626 tempus
462 545 533 608 illud
555 545 720 627 indicetur,
746 553 815 610 ante
839 549 1084 629 quod-scriptum
1106 564 1229 614 sarman

83 649 246 694 essenon
269 639 385 714 potest;
412 632 467 696 sed
489 640 590 694 tamen
611 632 947 715 gallnmgallinaceum
971 631 1009 714 iv.
1029 631 1115 714 191),
1139 653 1229 714 quero

85 725 179 780 sexto
203 717 322 780 demum
345 725 414 778 ante
438 718 587 780 Christum
611 719 716 780 seculo
741 721 893 781 annotavit
916 718 1150 799 Pugna-Knight
1167 721 1190 784 «l.
1212 720 1230 780 l.

85 805 119 864 in
138 804 270 865 nummis
293 805 447 882 argenteis
467 803 696 880 Saurothracnm
714 813 744 866 et
760 804 984 870 Rimarensiura
1001 804 1130 869 effictum
1150 823 1229 884 esse,

85 890 192 952 omnia
214 896 363 952 testantur
384 907 445 952 11011
467 899 538 954 ante
555 891 586 952 id
605 898 725 972 tempus
740 911 779 954 ex
796 889 957 956 Persarum
972 909 1072 970 regno
1085 893 1116 954 ia
1133 890 1232 954 Grae-

87 978 169 1038 clam
193 992 264 1036 esse
286 981 489 1057 apportatum;
511 977 549 1039 de
573 993 632 1057 qua
655 995 690 1040 re
708 994 741 1039 1.·
753 976 854 1040 llerm.
872 979 970 1062 antiq.
984 980 1060 1058 prin.
1084 977 1229 1058 §litia

87 1061 198 1142 Neque
217 1063 316 1126 minus
340 1080 366 1122 v.
383 1061 401 1121 3
424 1062 545 1138 ditant,
565 1081 645 1143 quaa
663 1063 811 1128 salisiani
829 1065 918 1128 tritae
932 1081 1005 1128 esse
1023 1063 1182 1150 dehebant,
1205 1064 1231 1126 si

88 1149 119 1208 in
145 1149 279 1210 carmine
300 1148 445 1228 paradiso
459 1148 709 1232 appellabantur,
733 1154 876 1212 evincere
898 1149 1054 1231 vitentur,
1077 1167 1136 1212 non
1161 1157 1230 1213 ante

16 1301 18 1314 ‚
89 1233 299 1296 Psammetichi
322 1240 457 1314 tempora
485 1242 641 1297 auctorem
666 1237 796 1315 vixisse,
831 1236 868 1298 oi.
889 1235 1032 1302 Valcken.
1056 1235 1093 1298 ad
1117 1235 1230 1299 Gallim.

93 1319 172 1398 eleg.
196 1338 225 1400 p.
249 1320 310 1378 246
325 1316 363 1402 *1.
416 1320 577 1383 Praeterea
599 1321 680 1402 quad
702 1325 814 1384 mentia
836 1321 867 1386 tt
889 1330 1083 1402 tropaeorum
1107 1341 1134 1384 v.
1160 1321 1231 1401 159,

90 1425 127 1468 ea
152 1423 203 1468 res
227 1424 319 1486 quum
342 1406 420 1486 apud
443 1405 608 1470 Homerum
626 1408 763 1472 <nondum
782 1415 889 1488 exstet,
911 1415 1012 1471 tamen
1034 1409 1109 1487 quin
1125 1408 1229 1471 seculo

90 1499 178 1554 sexto
199 1493 230 1553 in
252 1509 309 1554 usu
333 1493 391 1554 iem
414 1492 513 1575 luerit,
535 1494 608 1556 nihil
632 1503 679 1557 est
702 1495 840 1572 dnhiurn;
863 1511 965 1577 neque
983 1495 1081 1574 magis
1098 1510 1154 1560 nos
1173 1493 1230 1555 ad-

91 1582 174 1640 iuvat
196 1577 277 1658 quod
301 1579 422 1661 scimus,
445 1581 523 1642 illam
545 1581 728 1644 locutionem
751 1600 779 1642 v.
805 1583 844 1642 tl
868 1575 936 1646 ded
958 1575 1126 1656 audacter
1150 1573 1231 1660 o'ydr

91 1687 206 1745 pavere
225 1682 265 1725 ax
281 1681 341 1726 usu
355 1665 493 1728 ludorum
515 1666 636 1730 dicendi
655 1685 726 1730 esse
743 1668 917 1747 repetitura;
940 1665 976 1728 al.
989 1663 1092 1727 Herm.
1106 1666 1229 1746 Antiqq.

90 1751 164 1830 priv.
186 1756 204 1822 s
228 1750 277 1833 35,
301 1751 330 1814 8.
375 1750 438 1814 Eae
461 1771 583 1834 quoque
606 1756 793 1834 mentiones,
825 1771 905 1834 quae
925 1753 1005 1814 uitae
1029 1753 1140 1822 cultum
1163 1752 1230 1840 010-

91 1835 260 1915 gantiorem
284 1838 449 1900 ostendere
470 1839 624 1920 videntur,
649 1847 681 1900 ut
703 1842 762 1902 cibi
784 1839 905 1902 delicati
926 1857 975 1899 vv.
999 1838 1073 1896 35-
1088 1838 1125 1898 39
1151 1856 1230 1900 enu-

91 1923 210 2003 merati,
234 1922 307 1984 nihil
331 1922 367 1984 ad
390 1923 557 1986 honorem
580 1925 708 2002 iaciunt;
740 1925 809 1988 talia
832 1927 912 1988 enim
936 1923 1128 1990 Stesichorus
1151 1943 1230 2004 quo·-

91 2028 151 2089 quo
174 2009 308 2071 nominat
328 2007 436 2092 fragm.
461 2011 708 2074 apolectos-
740 2011 850 2075 Contra
874 2011 940 2091 plus
964 2011 1068 2075 valere
1091 2009 1231 2074 videntur

91 2095 127 2156 ad
152 2101 280 2157 aetatem
307 2096 450 2158 carminis
476 2095 677 2158 deliniendam
703 2099 813 2162 multae
837 2099 1003 2177 variaeque
1026 2097 1152 2160 deorum
1176 2115 1230 2161 ca-

89 2181 261 2245 villationes
281 2199 336 2262 per
355 2200 475 2246 omnem
498 2189 636 2246 tanmem
658 2186 852 2265 conspicuae,
876 2185 984 2265 quihus
1005 2202 1152 2248 vanorum
1171 2201 1229 2248 *eos

90 2269 183 2329 instar
212 2269 441 2331 simulacrorum
471 2285 542 2332 esse
568 2289 670 2350 neque
698 2271 757 2333 ulla
786 2271 896 2354 dignos
924 2272 1230 2348 reverentia‚aperte

90 2354 269 2417 declaratur.
315 2353 399 2417 Haec
421 2357 501 2418 enirn
521 2359 702 2438 protervitas
720 2365 750 2420 et
768 2375 924 2420 sacrorum
942 2356 1139 2436 negligentia,
1163 2374 1231 2428 orn-

89 2440 234 2522 niumque
257 2460 337 2521 quaa
359 2441 396 2503 ad
420 2441 495 2504 deos
517 2447 574 2505 rite
597 2445 708 2524 pieque
732 2445 877 2508 colendos
902 2445 1067 2525 pertinent,
1090 2442 1229 2505 acerbis-

90 2528 164 2588 sima
192 2529 292 2590 irrisio
324 2528 436 2591 cadere
465 2547 525 2590 non
552 2537 653 2610 potest
681 2532 710 2592 in
741 2549 809 2594 eam
838 2537 982 2608 aetatem,
1007 2547 1074 2608 ¹qua
1101 2529 1230 2609 simplex

89 2615 178 2674 etiam
208 2622 237 2676 et
259 2616 450 2695 incorruptus
473 2617 589 2680 animus
612 2617 763 2696 religione
786 2616 916 2680 imbutus
940 2621 1019 2691 erat3
1054 2631 1157 2694 neque
1180 2614 1229 2674 l-

87 2699 146 2761 elle
171 2708 242 2762 ante
263 2699 485 2781 Xenophanem
508 2702 727 2784 Colophonium
751 2704 903 2772 exstitisse
926 2719 1108 2784 quemquam
1131 2699 1230 2762 Grae-

87 2803 195 2849 corum
220 2787 359 2868 arbitror,
384 2790 435 2868 qui
457 2788 526 2850 data
550 2797 643 2869 opera
668 2791 909 2870 superstitiosam
933 2788 1023 2868 illam,
1046 2795 1078 2847 ut
1101 2787 1229 2848 videba-

88 2879 150 2952 tur,
184 2871 273 2935 hdem
301 2874 494 2954 antiquarum
521 2875 688 2938 fabularum
717 2876 860 2941 radicitus
884 2873 1051 2940 exanimis
1076 2871 1228 2937 hominurn

89 2957 224 3020 evellere
247 2961 285 3020 sit
308 2969 450 3038 conatus;
474 2969 563 3042 atque
586 2963 634 3028 hic
656 2964 847 3043 ipsenotum
870 2967 918 3024 est
941 2959 1096 3040 erunibus,
1119 2977 1230 3040 ropro-

88 3046 238 3107 hensione
256 3045 303 3106 illa
324 3046 588 3110 vehementissima
612 3056 755 3129 quantum
778 3050 835 3112 sihi
858 3046 990 3110 invidiae
1014 3064 1090 3109 onrrs
1114 3047 1230 3108 0011110-

86 3133 133 3192 rit.
176 3131 282 3212 ltaque
304 3133 329 3198 si
352 3135 381 3193 111
404 3134 490 3196 istius
511 3134 681 3216 philosophi
703 3143 839 3215 tempora
863 3133 957 3216 (eirea
975 3132 1085 3212 olymp.
1108 3131 1157 3213 56)
1181 3133 1229 3194 vel

85 3218 188 3297 paullo
211 3225 280 3298 post
302 3219 390 3280 huius
413 3222 554 3282 carminis
572 3223 721 3298 originem
737 3220 874 3282 incidere
891 3219 1093 3296 statuerimus,
1117 3219 1230 3296 optime

16 3353 18 3380 ,
88 3322 157 3365 cunr
180 3303 238 3365 hac
260 3305 376 3366 ratione
400 3307 560 3368 conveniet
582 3309 757 3369 universum
782 3307 841 3369 hoc
860 3321 958 3386 genus
977 3304 1084 3384 opicae
1100 3320 1230 3382 poeseos

88 3390 290 3473 deridendos,
325 3391 405 3470 quod
428 3393 470 3455 ibi
492 3392 613 3455 demum
635 3413 690 3474 par
714 3402 779 3456 erat
801 3401 830 3455 et
853 3392 952 3456 studio
975 3391 1074 3454 excoli
1098 3398 1129 3455 et
1152 3391 1229 3470 apud

16 3505 17 3552 3
88 3476 291 3558 intelligentes
313 3477 433 3540 laudem
455 3482 577 3559 mereri,
600 3481 651 3542 uhi
669 3480 745 3543 llere
762 3481 937 3544 iamdudum
951 3477 1093 3541 carminis
1114 3476 1231 3542 heroici

16 3559 17 3586 ³
88 3563 220 3625 delibato
243 3571 351 3644 poetae
373 3567 504 3644 postumi
525 3566 599 3627 nihil
622 3568 680 3628 nisi
702 3573 928 3630 inardescentes
952 3565 1038 3642 quasi
1066 3563 1231 3642 carpebant

87 3649 222 3728 frendes,
268 3649 356 3722 Quod
384 3651 496 3712 scimus
526 3651 636 3714 lactum
665 3670 735 3715 esse
762 3653 812 3714 illo
842 3661 995 3730 tempore,
1026 3665 1086 3728 quo
1111 3649 1231 3718 ociosus

88 3743 117 3798 et
139 3736 359 3818 genealogicas
376 3739 567 3800 narrationes
584 3739 676 3819 multi,
699 3740 750 3820 qui
774 3740 878 3820 epicos
901 3755 935 3799 se
958 3735 1109 3815 uolebant,
1132 3733 1230 3800 hexo-

89 3831 186 3886 metro
209 3839 302 3885 uersu
324 3823 546 3888 incluserunt*
574 3825 672 3888 Probo
695 3827 786 3905 igitur
809 3825 949 3888 iudicium
973 3821 1146 3902 Welckeri,
1180 3823 1231 3901 qui

16 3987 17 3992 ἵ
89 3911 126 3971 ad
153 3907 345 3972 Schwenckii
374 3911 482 3975 librum
514 3910 553 3974 de
579 3911 765 3993 mythologia
792 3931 832 3976 ex
855 3911 1009 3974 nominum
1032 3908 1231 3989 significatio-

160 4080 180 4151 ’)
198 4077 286 4134 Ρο1111
305 4080 403 4152 aliquis
422 4041 553 4153 suspicari
574 4113 606 4124 -·
627 4091 653 4136 et
671 4081 840 4151 suspiciones
856 4081 882 4135 in
900 4081 1018 4136 carmine
1033 4073 1162 4155 parodica
1173 4074 1231 4146 ,late

16 4179 17 4184 ’
88 4161 181 4222 patept
199 4181 233 4210 .-
257 4169 323 4206 voce
350 4155 477 4213 dilectam
501 4165 607 4224 poetam
634 4155 799 4224 significasse
816 4151 968 4208 Antimachi
989 4147 1151 4274 Cologhonii
1171 4151 1231 4200 att-

16 4259 19 4322 t
86 4223 593 4368 staetti,“llffletttlttt't
608 4225 660 4354 ⁶3⁶?
678 4219 1231 4367 ''ll'.it¹¹t.talht·l?.,hatti

83 4366 237 4492 {spuma
265 4343 520 4438 obscurioresque
546 4339 681 4424 edistaim
704 4380 815 4426 aetatem
841 4383 949 4421 carmen
970 4365 1023 4418 hoc
1047 4373 1113 4434 pulo
1134 4359 1230 4433 depri-
