3124 5220
274 481 370 560 giteri
396 497 489 562 posse
512 476 677 541 camerarii
699 475 852 560 codicem,
881 496 922 539 ex
944 494 1005 557 quo
1027 475 1100 540 illud
1122 475 1222 557 duxit,
1251 482 1359 557 postea
1385 478 1414 538 in

275 568 457 630 Britanniam
480 581 550 626 esse
573 562 704 625 delatum
724 563 826 643 ibique
850 583 891 626 ex
911 562 1034 626 Paulina
1051 561 1219 644 (Lipsiensi)
1235 561 1416 626 bibliotheca

275 670 386 715 nomen
409 623 589 803 yduuissm
621 647 675 710 sed
706 650 773 729 quis
802 648 861 712 boe
889 647 1032 728 affirmet,
1062 667 1154 728 quum
1177 648 1248 710 nibil
1272 647 1352 711 eliud
1376 667 1417 710 ex

275 739 325 801 ille
355 737 413 800 libr
462 737 616 814 cognitum
644 733 834 798 babeamus?
884 734 916 795 ln
940 734 1067 796 eandem
1091 735 1185 812 igitur
1207 733 1416 796 coniecturam

276 824 353 886 duos
373 821 414 884 lib
433 823 515 883 arios
533 816 677 882 incidisse
694 820 908 900 suspicandum
925 826 986 896 eet3
1007 819 1088 899 quod
1108 836 1170 881 non
1189 821 1319 885 iterare
1340 837 1418 882 eve-

276 911 327 972 nit.
371 841 435 983 Sed
460 907 580 986 cognita
607 904 744 968 Barnesii
771 908 938 969 temeritate
966 922 1046 968 nunc
1075 921 1174 984 paene
1203 904 1353 983 adducor,
1385 913 1419 966 ut

275 993 531 1074 nunquam'illum
553 991 688 1054 codicem
712 993 865 1056 exstitisse
887 990 1018 1056 credam.
1059 989 1139 1052 Num
1165 989 1244 1052 idem
1266 989 1359 1070 liber,
1390 993 1417 1052 si

278 1078 370 1142 modo
394 1081 447 1158 sit,
476 1077 602 1156 intelligi
624 1075 733 1138 debeat
756 1095 796 1138 ex
816 1076 954 1138 Bnrnesii
975 1074 1078 1138 uerbis
1101 1075 1300 1140 subobscuris
1325 1074 1362 1138 ad
1388 1095 1416 1135 v.

279 1165 349 1243 137,
379 1152 436 1225 ubi
461 1155 662 1242 Tcpeqdyou
685 1178 795 1225 nomen
817 1163 932 1242 recepit
952 1181 994 1222 ee
1014 1161 1099 1224 Dera.
1125 1163 1209 1224 Zeno
1230 1168 1262 1223 ct
1280 1161 1351 1222 llos.
1374 1162 1418 1224 ed

277 1250 350 1311 Ood.
372 1255 431 1310 eet.
452 1245 539 1308 aaut.
561 1243 767 1326 suffragrante,
792 1265 852 1312 non
874 1247 963 1310 lacile
985 1247 1122 1309 dixerim.

628 1404 653 1472 ᾗ.
674 1403 699 1452 5.
737 1402 781 1454 Dc
800 1400 938 1455 codicibus
957 1401 1076 1470 optimis.

361 1499 486 1565 Dicturo
510 1500 579 1562 mihi
602 1499 640 1566 de
662 1502 700 1562 iis
720 1500 892 1579 codicibus,
920 1499 973 1580 qui
996 1500 1098 1579 optimi
1120 1515 1189 1564 meo
1211 1497 1324 1562 iudicio
1347 1507 1418 1562 sunt

277 1584 420 1666 labendi,
443 1587 560 1667 paucis,
584 1586 735 1667 quomodo
758 1586 817 1648 boc
839 1586 935 1664 accipi
958 1585 1057 1667 velim,
1078 1583 1337 1664 praemonendum
1360 1593 1415 1646 est.

276 1670 383 1751 Neque
406 1673 485 1732 enim
505 1672 545 1734 ita
566 1671 702 1752 intelligo
726 1672 864 1753 optimos,
887 1677 918 1736 ut
941 1677 991 1734 aut
1013 1669 1156 1735 meliores
1180 1675 1302 1735 exstare
1324 1688 1416 1751 posse

277 1763 327 1818 aut
349 1757 472 1818 omnino
496 1774 572 1836 opus
595 1774 668 1822 csse
690 1757 864 1821 melioribus
886 1771 997 1834 negem
1022 1754 1061 1838 (id
1083 1753 1163 1834 quod
1184 1755 1280 1834 longe
1302 1755 1417 1819 abhor-

275 1848 323 1904 ret
346 1859 362 1902 a
383 1845 534 1906 sententia
557 1840 651 1920 mea),
679 1841 734 1906 sed
758 1848 827 1904 sunt
849 1841 954 1920 optimi
975 1848 1007 1903 ut
1028 1843 1108 1902 inter
1129 1841 1227 1908 minus
1249 1841 1363 1924 bonos,
1387 1850 1418 1904 et

278 1944 368 2008 quum
392 1927 562 2007 corruptela
585 1927 724 1991 laborent
746 1943 870 2005 omnes,
902 1925 933 1992 hl
956 1926 1054 1994 minus
1077 1944 1167 2004 qnam
1190 1926 1309 2006 reliqui.
1362 1927 1417 1988 Et-

277 2012 357 2074 enim
380 2011 490 2074 distant
511 2012 541 2074 lri
564 2013 687 2076 codices
711 2013 749 2074 ab
772 2011 844 2092 illis,
867 2027 944 2090 quos
967 2011 998 2075 in
1021 2028 1148 2077 numero
1170 2013 1330 2076 mixtorum
1351 2020 1418 2075 ret-

276 2097 345 2174 tuli,
379 2113 440 2158 nen
472 2104 531 2160 tam
561 2115 678 2178 genero
708 2097 775 2178 ipso
806 2113 894 2177 quam
923 2095 1022 2174 mado
1042 2097 1237 2175 integritatis,
1272 2104 1417 2178 atquem

277 2183 361 2244 roixti
388 2182 528 2262 longiore
557 2183 715 2247 intervallo
749 2202 765 2244 a
796 2182 902 2244 codice
933 2177 1097 2264 archetypo
1126 2183 1236 2247 remoti
1264 2182 1417 2246 diversum

278 2267 480 2331 describendo
502 2274 532 2330 ct
557 2267 742 2348 corrigendo
769 2267 907 2348 ceperint
936 2266 1162 2346 detrimentum,
1193 2268 1315 2333 codices
1336 2270 1365 2333 A
1389 2276 1417 2333 et

278 2356 319 2429 G,
342 2353 451 2434 quibus
473 2351 644 2417 continetur
666 2369 765 2436 genus
788 2354 981 2432 optimorum,
1005 2369 1066 2416 nen
1090 2353 1186 2420 solum
1209 2355 1347 2433 proxime
1370 2362 1418 2418 at-

276 2439 383 2518 tigisse
414 2436 451 2500 ed
479 2454 670 2504 communem
696 2439 829 2502 omnium
859 2438 1004 2502 librorum
1032 2436 1145 2502 lentem
1174 2440 1337 2502 verisimile
1362 2449 1417 2522 est,

277 2525 332 2588 sed
359 2525 449 2588 etiam
478 2525 627 2590 constanti
656 2524 718 2589 fide
745 2531 879 2587 veterem
906 2524 1066 2588 lectionem
1096 2541 1247 2587 servasse.
1295 2524 1416 2588 Factum

278 2614 377 2672 autem
398 2607 470 2670 inde
488 2615 543 2689 est,
565 2617 605 2689 ut,
630 2629 721 2690 quum
742 2615 772 2672 in
792 2611 883 2672 mixto
899 2626 1015 2688 uenere
1034 2625 1094 2672 non
1117 2616 1265 2690 perpetuo
1284 2617 1315 2672 et
1330 2614 1418 2690 quasi

276 2695 325 2756 via
349 2712 385 2757 ac
406 2694 523 2758 ratione
545 2703 683 2775 grassata
708 2697 746 2758 sit
767 2695 958 2774 interpolatio
981 2692 1019 2776 (id
1038 2695 1118 2775 quod
1137 2695 1216 2758 eadit
1233 2697 1262 2758 in
1282 2695 1418 2760 deterio-

276 2778 355 2863 res),
383 2779 437 2847 sed
460 2797 533 2843 casu
556 2782 654 2860 magis
676 2779 725 2844 bic
747 2780 808 2844 illie
828 2786 984 2860 peecatum
1008 2781 1046 2844 sit
1067 2781 1251 2861 glossaeque
1273 2779 1363 2845 modo
1386 2785 1416 2845 in

276 2873 390 2928 matum
407 2874 559 2946 receptae,
583 2867 672 2932 modo
689 2873 819 2947 spretae,
843 2873 930 2946 prout
951 2866 1120 2930 intellectus
1143 2875 1225 2930 essct
1247 2868 1417 2947 scribentis,

276 2959 308 3014 ut
330 2951 421 3029 igitur
443 2951 524 3014 nullo
553 2949 618 3014 iere
648 2953 717 3016 loco
744 2951 810 3018 AG
837 2967 963 3030 prorsus
990 2951 1225 3014 destituerentur
1252 2953 1301 3014 vel
1327 2954 1417 3018 unius

276 3036 325 3097 vel
346 3035 477 3116 plurium
501 3053 629 3102 assensn
652 3043 776 3117 tumque
797 3035 855 3100 bos
877 3043 938 3099 tum
961 3035 1030 3098 illos
1052 3036 1200 3102 haberent
1221 3039 1331 3101 socios.

363 3119 491 3186 Codices
513 3127 613 3184 autem
636 3121 664 3183 A
687 3128 718 3184 et
739 3121 766 3182 G
787 3121 866 3186 inter
888 3139 923 3184 se
945 3122 983 3184 ita
1007 3120 1073 3184 iere
1099 3124 1129 3185 in
1158 3124 1251 3186 rebus
1277 3124 1417 3188 omnibus

278 3209 483 3288 consentiunt,
517 3209 556 3270 ita
587 3209 617 3270 in
646 3207 721 3271 locis
750 3209 983 3289 corruptissimis
1008 3209 1276 3290 diversissimeque
1301 3211 1417 3274 traditis

277 3311 373 3373 prope
396 3311 518 3373 semper
538 3295 733 3370 concierunt,
759 3301 791 3355 ut
813 3311 874 3357 non
899 3313 938 3356 ox
962 3293 1069 3361 eudem
1091 3293 1173 3357 iente
1196 3294 1323 3358 derivati
1346 3311 1418 3359 esse

278 3395 337 3439 non
359 3379 483 3458 possint.
525 3375 593 3440 Non
615 3378 703 3457 pauci
725 3377 847 3455 quidem
870 3385 939 3440 sunt
960 3378 1067 3440 calami
1090 3397 1228 3463 errores,
1253 3385 1418 3461 praecipue

276 3463 307 3524 in
330 3461 373 3538 Δ,
396 3461 451 3524 sed
475 3459 496 3524 ii
519 3469 618 3524 tamen
641 3479 762 3542 omnes,
785 3462 893 3542 quibus
917 3462 988 3527 nihil
1011 3464 1146 3530 tribucre
1168 3465 1267 3546 possis
1290 3464 1344 3547 pl:
1370 3467 1418 3530 16.

279 3548 330 3610 tu.
354 3545 404 3610 21.
431 3547 478 3608 tt.
503 3547 552 3611 33.
577 3549 626 3610 44.
652 3549 701 3610 80.
727 3548 776 3610 89.
806 3547 855 3612 91.
884 3549 934 3612 98.
962 3549 1030 3612 too.
1058 3551 1129 3618 132.
1156 3551 1224 3614 143.
1249 3551 1319 3615 145.
1346 3552 1416 3616 too.

279 3634 351 3696 att.
376 3634 446 3695 tte.
471 3634 643 3710 eduxere
665 3637 696 3696 in
715 3633 757 3696 G:
781 3633 830 3696 29.
855 3633 903 3698 ³6.
925 3636 975 3694 74.
999 3636 1049 3696 st.
1076 3636 1416 3702 114.170.178.179.

280 3719 350 3778 216.
374 3718 456 3799 280).
499 3719 600 3798 Atque
626 3720 647 3780 it
676 3737 802 3800 queque
832 3720 932 3802 aliquo
961 3721 1050 3786 modo
1074 3730 1309 3825 compensantur
1331 3741 1417 3786 eom-

279 3803 362 3866 muni
386 3804 499 3883 aliquot
519 3801 657 3872 locorum
680 3823 803 3870 errore:
838 3807 875 3871 tt
901 3804 1014 3881 ailae.
1045 3807 1084 3868 63
1107 3831 1244 3884 encore,
1267 3811 1307 3872 89
1332 3812 1417 3876 reoi-

278 3882 386 3964 λάκις,
411 3888 469 3950 113
494 3891 526 3960 tr
549 3879 670 3966 d'i‘act,
694 3891 753 3957 169
778 3915 813 3958 cc
837 3907 908 3971 ont,
933 3892 992 3951 189
1015 3893 1105 3966 λίαν,
1128 3892 1190 3954 213
1211 3889 1330 3976 fidilis,
1354 3895 1414 3957 271

276 3965 319 4038 cd
341 3966 437 4056 κάρη,
463 3973 499 4034 41
524 3997 560 4040 ce
581 3969 715 4062 χύτρας.
768 3976 858 4044 tttiae
882 3995 999 4058 paucae
1026 3977 1217 4044 diversitates
1238 3979 1272 4042 r‘n
1295 3981 1418 4060 glossa-

277 4073 344 4118 rum
369 4075 496 4126 numero
519 4059 704 4127 referendae
726 4069 811 4143 sunt,
834 4064 864 4128 iu
887 4063 932 4132 A:
957 4064 1007 4126 37·
1034 4062 1102 4124 114·
1127 4063 1200 4132 271·
1220 4065 1301 4144 29⁰3
1321 4068 1351 4128 in
1375 4069 1418 4128 G:

283 4141 357 4218 ¹¹93
378 4149 409 4207 et
430 4144 467 4206 ad
489 4145 638 4227 duplicate
660 4146 776 4214 codicis
793 4148 948 4231 archetypi
968 4148 1163 4228 scripturam:
1188 4152 1237 4216 64.
1259 4151 1327 4215 tte.
1346 4152 1417 4214 247.

281 4225 358 4305 tut,
392 4227 430 4294 dc
460 4230 569 4308 quibus
600 4233 676 4298 locis
702 4233 782 4300 inire
811 4232 934 4304 dicetur.
980 4232 1084 4303 ,Unum
1113 4253 1234 4300 versum
1262 4235 1291 4301 A
1316 4236 1418 4316 babet,

279 4329 369 4393 quem
394 4314 555 4396 (iomisit,
583 4316 658 4401 133,
681 4315 762 4386 haud
785 4316 928 4382 dublein
952 4319 1116 4404 archetypo
1139 4329 1211 4388 neta
1233 4322 1362 4402 quadam
1387 4324 1417 4386 in

277 4397 481 4481 suspicionem
505 4407 651 4468 vocatum.
674 4437 717 4452 υ-

409 4920 630 5088 ί
