3124 5220
832 403 876 470 dd

285 579 416 678 Πίγρης
437 575 514 638 haec
536 573 639 636 tradit:
668 572 792 657 Πίγρης
816 572 893 658 Κάρ
917 569 984 642 άπὸ
1007 571 1297 658 ι«σίλιιιαρνασσοά,
1326 570 1425 644 ridet-

286 657 347 744 ιγάς
376 661 582 746 Αρτεμιοίας
603 661 663 742 τῆς
685 663 721 725 ἐν
745 673 813 733 τοῖς
832 663 993 746 πολέμοις
1012 660 1214 741 διαφανοῦς,
1241 663 1427 728 Μαυσωλοῡ

283 745 459 832 γυναικός
490 781 531 792 -
566 753 691 830 ἔγραψα
722 747 776 810 καί
811 743 871 812 τάν
903 751 950 818 εἰς
973 747 1136 828 ’Όμηρον
1168 741 1425 830 σίναρερόμονον

286 835 467 916 Μαργίτην
482 833 536 898 ναί
551 830 948 920 βατραχογιυογιαχίαν*).
991 832 1057 894 Hoc
1071 833 1140 894 loco
1156 831 1232 896 dues
1245 832 1425 896 Artemisias

286 921 394 982 Cariae
424 921 549 999 reginas
580 915 723 979 contundi
751 917 809 978 iam
837 921 953 981 notavit
973 917 1162 982 *Welandius,
1184 919 1222 979 de
1246 921 1426 1000 praecipuis

283 1008 484 1086 pcrcdtcrum
511 1005 597 1068 Ηυιιι.
624 1003 824 1082 scriptoribus
845 1023 873 1085 p.
894 1006 950 1082 223
982 1023 1051 1068 nam
1081 1004 1176 1068 verba
1205 1005 1266 1082 τῆς
1294 1010 1330 1067 ἐν
1358 1018 1426 1078 τοῖς

285 1094 448 1170 πολέμοις
470 1089 662 1172 διαφανοῦς
691 1105 752 1150 non
777 1090 926 1169 quadrant
953 1091 991 1154 ad
1014 1089 1141 1154 Mausoli
1168 1090 1330 1170 coniugem
1359 1091 1426 1152 De-

287 1177 453 1240 mosthenis
475 1175 651 1257 aequalem,
681 1175 735 1236 sed
766 1176 802 1237 ad
834 1177 980 1240 maiorem
1007 1178 1086 1240 illam
1109 1178 1139 1237 in
1161 1175 1321 1239 Persarum
1344 1177 1426 1240 bello

286 1264 439 1327 celebrem
468 1260 631 1324 referenda
661 1268 739 1324 sunt.
790 1262 890 1343 Atque
914 1264 1002 1326 buius
1026 1264 1122 1344 ipsius
1145 1261 1268 1324 fratrem
1292 1282 1309 1324 a
1332 1262 1426 1326 Suida

287 1369 357 1414 csse
380 1349 595 1430 significatum,
619 1353 704 1408 recte
726 1347 904 1410 Welandius
926 1349 945 1410 1.
965 1351 985 1410 l.
1007 1349 1078 1411 inde
1101 1348 1265 1428 conclusit,
1290 1349 1370 1428 quod
1394 1351 1425 1410 in

287 1444 379 1514 gente
404 1437 529 1498 minoris
554 1433 751 1515 Artemisiae,
782 1435 821 1496 de
848 1453 906 1516 qua
934 1453 962 1496 v.
986 1434 1130 1497 Clintonis
1151 1435 1229 1496 Fast.
1252 1433 1327 1496 llell.
1353 1453 1425 1516 pag.

289 1523 349 1582 298
374 1540 439 1603 sqq.
469 1521 515 1584 ed.
538 1520 693 1602 Krueger,
726 1520 852 1599 Pigretis
876 1538 987 1583 nomen
1010 1538 1072 1584 non
1096 1521 1257 1582 invenitur.
1302 1516 1428 1582 Caven-

288 1609 357 1670 dum
384 1617 483 1670 autem
506 1613 568 1686 est,
601 1624 640 1666 ne
665 1606 732 1685 quis
757 1625 797 1670 ex
820 1610 886 1688 ipso
908 1607 1063 1669 Herodoto
1084 1605 1144 1685 vlt,
1168 1606 1207 1666 98
1233 1623 1427 1686 cognoscere

288 1696 345 1758 sibi
366 1695 504 1758 videatur
526 1693 606 1754 hunc
627 1691 768 1773 fratrem,
794 1694 847 1756 ubi
869 1696 948 1756 inter
970 1693 1063 1755 duces
1087 1692 1210 1754 militum
1235 1693 1428 1755 auxiliarium

288 1781 415 1844 Caribus
437 1778 609 1861 praefuisse
637 1777 762 1862 Πίγρης
784 1773 801 1842 ὁ
826 1775 1004 1861 Σελδάμου
1026 1773 1243 1859 οσιισῑσι**);
1271 1797 1340 1840 nam
1363 1776 1430 1841 Ar-

287 1868 405 1932 temisia
430 1857 631 1949 Λυγδάμιος
653 1859 810 1947 θυγάιηρ
830 1864 925 1928 fuisse
949 1865 986 1925 ab
1014 1863 1122 1928 eodem
1149 1864 1296 1944 scriptore
1320 1865 1429 1945 perbi-

288 1955 385 2016 betur.
431 1951 479 2014 Ad
503 1948 614 2012 Suidue
635 1950 837 2012 testimonium
862 1951 899 2012 de
922 1950 1041 2031 Pigrete
1065 1950 1181 2014 accedit
1198 1950 1373 2014 Plutarchus
1396 1953 1429 2013 in

288 2039 390 2102 libello
414 2037 452 2098 de
475 2036 660 2117 malignitate
684 2033 844 2118 Herodoti,
876 2038 926 2118 qui
949 2037 979 2097 in
1003 2037 1100 2117 capite
1123 2037 1226 2098 ultimo
1249 2036 1326 2098 haec
1348 2039 1431 2100 scri-

288 2127 344 2188 bit:
375 2124 469 2194 τέλος
497 2121 532 2186 δὲ
557 2120 774 2203 καθημένους
796 2125 833 2187 ἐν
860 2123 1043 2194 Πλαταιαῖς
1067 2115 1228 2204 άγνοίγσαι
1252 2125 1350 2209 μέχρι
1371 2125 1430 2190 τί·

290 2215 366 2282 λους
390 2203 456 2272 τάν
478 2202 590 2290 α’γωνα
618 2203 699 2276 τούς
723 2201 916 2288 Ἕλληνας,
949 2204 1058 2290 ὥςπερ
1079 2209 1432 2294 βατραχομυομαχίας

286 2293 471 2378 γενομένης
495 2290 621 2374 Πίγρης
640 2283 657 2356 o‘
679 2283 898 2375 Ἀρτεμισίας
920 2297 956 2357 ἐν
978 2299 1071 2358 ἔπεσι
1094 2295 1220 2370 παίζων
1243 2295 1296 2358 nul
1319 2298 1429 2374 ‹plou-

289 2383 354 2462 ρων
376 2375 518 2462 ἔγραψε,
540 2376 647 2474 σιωπῇ
667 2373 932 2458 διαγωνίσασθαι
948 2377 1194 2460 συνθεμένους,
1215 2383 1273 2442 ἵνα
1298 2370 1429 2444 λάθωσι

289 2459 368 2536 τούς
396 2459 536 2538 σίλλους,
567 2456 690 2534 αυτούς
720 2460 754 2526 δὲ
778 2462 1073 2545 Λακεδαιμονίους
1101 2457 1218 2547 άνδρίρι
1241 2465 1307 2546 μὲν
1330 2457 1431 2530 στ’δὲν
1539 2521 1540 2536 .

289 2549 485 2633 κρείττονας
501 2545 661 2629 γενέσθαι
682 2541 960 2630 τῶνβαρβάρων,
984 2543 1145 2620 ἀνόπλοις
1165 2546 1199 2612 δὲ
1218 2549 1433 2630 ταδγυμνοίς
1539 2545 1540 2572 ³

289 2633 506 2720 μαχομένους
532 2635 704 2712 κρατῆσαι.
760 2632 846 2704 Quae
876 2633 970 2698 verba
1003 2639 1036 2694 ut
1069 2632 1292 2716 exscriberem,
1328 2631 1433 2696 effecit

289 2718 484 2798 Welandius,
519 2717 570 2797 qui
599 2714 617 2776 l.
638 2716 659 2780 l.
687 2734 727 2778 ex
750 2717 798 2779 his
821 2721 964 2781 evincere
987 2717 1102 2799 studet,
1136 2719 1278 2782 carminis
1300 2719 1431 2782 formum

289 2807 404 2885 sallem,
428 2821 507 2884 quae
524 2803 613 2864 nobis
635 2809 759 2865 servata
776 2806 822 2884 sit,
845 2821 906 2868 non
924 2822 1016 2888 posse
1032 2807 1129 2885 repeti
1150 2825 1165 2868 a
1186 2805 1306 2886 Pigrete
1322 2814 1432 2869 aucto·
1538 2857 1539 2866 ,

289 2887 415 2971 rem).
467 2887 562 2968 quue
586 2906 677 2968 quum
701 2904 740 2950 ex
760 2892 878 2973 verbis,
905 2899 937 2952 ut
959 2897 1029 2953 sunt
1050 2892 1079 2952 in
1103 2891 1274 2972 codicibus,
1307 2893 1348 2956 ita
1371 2889 1432 2955 de·

290 2983 452 3054 monstret,
484 2981 518 3035 ul
546 2974 595 3036 itta
624 2971 731 3054 ὥςπερ
760 2978 860 3060 βατρ,
892 3011 930 3022 -
965 2983 1021 3040 ἵνα
1050 2969 1178 3042 λάθωσι
1202 2972 1282 3049 τούς
1305 2971 1432 3054 σ’ίλλους

290 3081 351 3126 που
374 3061 412 3123 ad
435 3059 570 3122 Graecos
598 3051 689 3140 (τοάς
709 3057 894 3145 Ἕλληνας)
924 3060 1056 3141 referat,
1088 3061 1143 3124 sed
1174 3061 1211 3125 ad
1236 3057 1433 3150 βατράχους

291 3157 320 3212 ct
341 3146 435 3232 μύας
458 3165 498 3208 ex
519 3164 595 3208 voce
618 3145 969 3234 βατραχομυομαχίας
992 3146 1171 3228 eliciendos,
1195 3148 1431 3228 descriptionem
1537 3181 1538 3190 .

291 3253 414 3318 pugnae
436 3231 621 3294 Plataeensis
644 3234 813 3311 comparari
837 3241 919 3315 putat
942 3252 1009 3297 cum
1032 3235 1121 3298 simili
1142 3234 1237 3314 facto,
1271 3233 1354 3315 quod
1377 3252 1434 3296 es·
1537 3231 1538 3253 ¹

294 3329 341 3384 set
359 3323 388 3382 in
404 3319 533 3400 Pigretis
550 3318 699 3396 carmine;
721 3323 976 3400 comparationem
995 3328 1094 3383 autem
1113 3321 1154 3383 ita
1170 3319 1285 3384 definit:
1307 3337 1432 3400 pugnae

293 3406 419 3470 alicuius
442 3405 622 3466 commissae
645 3404 681 3465 ab
707 3405 771 3468 aliis
794 3405 920 3468 aliorum
943 3408 1142 3470 inscientiam.
1186 3407 1271 3478 Quae
1294 3407 1433 3487 explica·
1536 3469 1537 3472 ,

291 3496 331 3556 tio
357 3493 383 3554 si
406 3493 464 3553 iam
490 3490 625 3572 displicet
647 3497 770 3572 propter
792 3499 961 3556 structurae
984 3492 1148 3556 verborum
1171 3493 1308 3556 salebras
1331 3511 1432 3572 paene

291 3577 512 3659 intolerabiles,
547 3595 625 3658 quac
648 3595 687 3638 ex
714 3596 751 3639 ea
773 3581 950 3642 necessario
974 3586 1044 3644 sunt
1065 3581 1301 3662 consequentia,
1333 3580 1434 3658 magis

293 3668 379 3728 etiam
404 3681 460 3728 nos
484 3663 596 3725 debent
619 3663 785 3728 offendere.
829 3664 1024 3742 statuendum
1048 3667 1127 3728 enim
1152 3673 1207 3747 est,
1229 3665 1258 3728 id
1279 3664 1359 3746 quod
1384 3665 1434 3728 le-

292 3754 332 3813 cit
353 3749 448 3830 Wel.,
483 3749 554 3828 quia
575 3751 605 3810 in
630 3756 734 3812 nostro
758 3752 892 3814 carmine
915 3753 987 3814 nihil
1014 3753 1100 3834 insit,
1132 3752 1169 3814 ad
1200 3751 1281 3832 quod
1309 3749 1432 3814 tertium
1535 3837 1536 3840 Ἴ

289 3893 499 3905 ——-—-—-———-—
529 3889 569 3898 ...⁴

363 3986 384 4054 “)
409 3984 485 4038 llaec
511 3983 620 4037 lotidem
650 3983 739 4037 vorbis
768 3985 839 4054 apud
865 3984 1015 4039 Eudociam
1043 4005 1069 4056 p.
1088 3985 1141 4040 358
1168 3986 1299 4054 leguntur.
1345 3983 1434 4039 Paene

292 4057 461 4130 praetermisi
481 4057 526 4127 qui
544 4055 639 4140 pedem
659 4054 715 4107 lere
735 4055 806 4120 dicit,
824 4056 948 4110 Tzetzem
968 4058 995 4110 in
1016 4055 1126 4124 Exeget
1144 4075 1171 4127 p.
1189 4057 1224 4113 37
1243 4056 1291 4125 τήν
1309 4077 1337 4107 τι
1356 4060 1433 4108 Μυο-
1534 4093 1535 4104 .

291 4136 522 4197 βατροχυμαχίαν,
542 4149 572 4196 ην
592 4144 658 4183 τινος
679 4127 812 4195 Ῑίίγρητσς
830 4123 894 4180 εἶναι’
913 4147 976 4190 φασι
994 4131 1041 4179 τοῦ
1059 4126 1160 4198 Κιιράς.
1198 4127 1273 4180 lmm.
1293 4125 1434 4180 Beltlterus

292 4205 318 4256 in
339 4200 401 4253 edit.
421 4197 513 4252 Schol.
535 4197 601 4251 Ven.
621 4215 653 4251 cx
673 4198 767 4250 codice
783 4198 886 4252 Venulo
906 4217 931 4269 p.
947 4216 955 4250 1
969 4207 1033 4253 extr.
1053 4201 1085 4253 ad
1106 4217 1198 4253 rocem
1219 4204 1361 4268 Μαργίτην
1379 4216 1433 4252 οσ-

293 4281 377 4327 notst:
408 4271 446 4321 υοὶ
471 4272 500 4320 dl
526 4272 627 4334 λίγουοι
652 4266 782 4338 τήγριγτσς
800 4273 848 4321 τοῦ
866 4268 944 4338 sapic
963 4289 1050 4341 murpo
1067 4275 1200 4337 rotare«,
1228 4286 1297 4341 quae
1317 4269 1434 4326 sociasse
1533 4307 1534 4312 ι

292 4345 325 4399 ad
345 4351 501 4414 sequentem
522 4345 614 4394 rocem
633 4347 851 4410 βαιραχομαγῑαυ
869 4341 1011 4410 pertinent.

356 4416 389 4480 ”l
408 4412 516 4466 Accidit
534 4411 587 4465 boc
608 4412 712 4466 Lauero
732 4413 759 4465 in
779 4411 851 4467 Hist.
871 4411 948 4467 Poss.
966 4411 1048 4468 Hom.
1069 4433 1095 4486 p.
1112 4413 1157 4470 28.

345 4486 388 4554 ¹⁰)
408 4483 528 4538 Eandem
549 4484 605 4536 lero
623 4487 781 4539 sententiam
802 4486 933 4557 expressit
953 4484 1073 4541 Lauerus
1098 4488 1125 4538 in
1152 4485 1198 4548 iis.
1223 4501 1292 4557 quas
1317 4483 1369 4540 Ισο.
1391 4485 1434 4540 cit.

293 4556 424 4613 transiens
443 4556 477 4612 ds
494 4555 546 4610 hoc
564 4555 680 4611 carmine
699 4556 771 4612 dixit.
